@Manual{Chang2018,
 title = {Web Application Framework for R: Package shiny},
 author = {W. Chang},
 organization = {R Studio},
 year = {2018},
 url = {http://shiny.rstudio.com/}
}

@Manual{R2021,
 title = {R: A Language and Environment for Statistical Computing},
 author = {{R Core Team}},
 organization = {R Foundation for Statistical Computing},
 address = {Vienna, Austria},
 year = {2021},
 url = {http://www.R-project.org/}
}

@techreport{Ramirez2020,
	title={A GUIded tour of {B}ayesian regression},
	author={Ramírez-Hassan, A. and Graciano-Londoño, M.},
	year={2020},
	institution={Universidad EAFIT}
}

@book{rossi2012bayesian,
  title={Bayesian statistics and marketing},
  author={Rossi, Peter E and Allenby, Greg M and McCulloch, Rob},
  year={2012},
  publisher={John Wiley \& Sons}
}

@book{greenberg2012introduction,
  title={Introduction to Bayesian econometrics},
  author={Greenberg, Edward},
  year={2012},
  publisher={Cambridge University Press}
}

@book{koop2003bayesian,
  title={Bayesian econometrics},
  author={Koop, Gary M},
  year={2003},
  publisher={John Wiley \& Sons Inc.}
}

\@BOOK{Fisher1958,
AUTHOR      = "R. Fisher",
TITLE       = "Statistical Methods for Research Workers",
PUBLISHER   = "Hafner",
VOLUME      = "",
NUMBER      = "",
SERIES      = "",
ADDRESS      = "New York",
EDITION      = "13th",
YEAR        = "1958",
MONTH       = "",
NOTE        = "",
}

\@ARTICLE{Neyman1933,
AUTHOR      = "J. Neyman and E. Pearson",
TITLE       = "On the problem of the most efficient tests of statistical
hypotheses",
JOURNAL     = "Philosophical Transactions of the Royal Society, Series A",
VOLUME      = "231",
NUMBER      = "",
PAGES       = "289--337",
YEAR        = "1933",
MONTH       = "",
NOTE        = "",
}

\@ARTICLE{Goodman1999,
AUTHOR      = "Goodman, S. N.",
TITLE       = "Toward evidence-based medical statistics. 1: The {P} value fallacy",
JOURNAL     = "Annals of internal medicine",
VOLUME      = "130",
NUMBER      = "12",
PAGES       = "995--1004",
YEAR        = "1999",
MONTH       = "",
NOTE        = "",
}

@Article{Wasserstein2016, 
	Title = {The {ASA}'s statement on p--values: context, process and purpose},
	Author = {Ronald L. Wasserstein and Nicole A. Lazar},
	Year = {2016},
	Journal = {The American Statistician}
}

\@ARTICLE{Raftery1995,
AUTHOR      = "A. Raftery",
TITLE       = "Bayesian Model Selection in Social Research",
JOURNAL     = "Sociological Methodology",
VOLUME      = "25",
NUMBER      = "",
PAGES       = "111--163",
YEAR        = "1995",
MONTH       = "",
NOTE        = "",
}

\@ARTICLE{Good1992,
AUTHOR      = "Good, I. J.",
TITLE       = "The Bayes/Non Bayes compromise: A brief review",
JOURNAL     = "Journal of the American Statistical Association",
VOLUME      = "87",
NUMBER      = "419",
PAGES       = "597--606",
YEAR        = "1992",
MONTH       = "September",
NOTE        = "",
}

\@ARTICLE{Bayarri2004,
AUTHOR      = "M. J. Bayarri and J. Berger",
TITLE       = "The Interplay of Bayesian and Frequentist Analysis",
JOURNAL     = "Statistical Science",
VOLUME      = "19",
NUMBER      = "1",
PAGES       = "58--80",
YEAR        = "2004",
MONTH       = "",
NOTE        = "",
}

\@ARTICLE{Kass2011,
AUTHOR      = "R. Kass",
TITLE       = "Statistical inference: the big picture",
JOURNAL     = "Statistical science",
VOLUME      = "26",
NUMBER      = "1",
PAGES       = "1--9",
YEAR        = "2011",
MONTH       = "",
NOTE        = "",
}

@book{lancaster2004introduction,
  title={An introduction to modern Bayesian econometrics},
  author={Lancaster, Tony},
  year={2004},
  publisher={Blackwell Oxford}
}

@book{geweke2005contemporary,
  title={Contemporary Bayesian econometrics and statistics},
  author={Geweke, John},
  volume={537},
  year={2005},
  publisher={John Wiley \& Sons}
}

@incollection{Ramsey1926,
  author      = "F. Ramsey",
  title       = "Truth and Probability",
  editor      = "Routledge and Kegan Paul",
  booktitle   = "The Foundations of Mathematics and other Logical Essays",
  publisher   = "New York: Harcourt, Brace and Company",
  address     = "London",
  year        = "1926",
  note		  = "Ch. VII, p.156--198"
}

@incollection{deFinetti1937,
  author      = "de Finetti",
  title       = "Foresight: its logical laws, its subjective sources",
  editor      = "H. E. Kyburg and H. E. Smokler",
  booktitle   = "Studies in Subjective Probability",
  publisher   = "Krieger",
  address     = "New York",
  year        = "1937",
	note				= "p.55--118"
}

\@BOOK{savage1954,
AUTHOR      = "Savage, L. J.",
TITLE       = "The foundations of statistics",
PUBLISHER   = "John Wiley \& Sons, Inc.",
VOLUME      = "",
NUMBER      = "",
SERIES      = "",
ADDRESS      = "New York",
EDITION      = "",
YEAR        = "1954",
MONTH       = "",
NOTE        = "",
}

\@ARTICLE{Lindley2000,
AUTHOR      = "Lindley, D. V.",
TITLE       = "The philosophy of statistics",
JOURNAL     = "The Statistician",
VOLUME      = "49",
NUMBER      = "3",
PAGES       = "293--337",
YEAR        = "2000",
MONTH       = "",
NOTE        = "",
}

\@ARTICLE{Bayes1763,
AUTHOR      = "Bayes, T.",
TITLE       = "An essay towards solving a problem in the doctrine of chances",
JOURNAL     = "Philosophical Transactions of the Royal Society of London",
VOLUME      = "53",
NUMBER      = "",
PAGES       = "370--416",
YEAR        = "1763",
MONTH       = "",
NOTE        = "",
}

\@BOOK{Laplace1812,
AUTHOR      = "Laplace, P.",
TITLE       = "Th\'{e}orie Analytique des Probabilit\'{e}s",
PUBLISHER   = "Courcier",
VOLUME      = "",
NUMBER      = "",
SERIES      = "",
ADDRESS      = "",
EDITION      = "",
YEAR        = "1812",
MONTH       = "",
NOTE        = "",
}

\@ARTICLE{Berger2006,
AUTHOR      = "Berger, J.",
TITLE       = "The Case for Objective Bayesian Analysis",
JOURNAL     = "Bayesian Analysis",
VOLUME      = "1",
NUMBER      = "3",
PAGES       = "385--402",
YEAR        = "2006",
MONTH       = "",
NOTE        = "",
}

\@BOOK{Jeffreys1961,
AUTHOR      = "Jeffreys, H.",
TITLE       = "Theory of Probability",
PUBLISHER   = "Oxford University Press",
VOLUME      = "",
NUMBER      = "",
SERIES      = "",
ADDRESS      = "London",
EDITION      = "",
YEAR        = "1961",
MONTH       = "",
NOTE        = "",
}

@article{Box1976,
	title={Science and Statistics},
	author={Box, G. E. P.},
	journal={Journal of the {A}merican {S}tatistical {A}ssociation},
	volume={71},
	number={},
	pages={791--799},
	year={1976},
	publisher={}
}

@incollection{box1979robustness,
	title={Robustness in the strategy of scientific model building},
	author={Box, George EP},
	booktitle={Robustness in statistics},
	pages={201--236},
	year={1979},
	publisher={Elsevier}
}
@incollection{Gelman1996,
  author      = "A. Gelman and X. Meng",
  title       = "Model checking and model improvement",
  editor      = "Gilks and Richardson and Speigelhalter",
  booktitle   = "In Markov chain Monte Carlo in practice",
  publisher   = "Springer US",
  address     = "",
  year        = "1996",
	note				= "Chapter 6, pp. 157--196"
}


\@ARTICLE{Bayarri2000,
AUTHOR      = "M. Bayarri and J. Berger",
TITLE       = "P--values for composite null models",
JOURNAL     = "Journal of American Statistical Association",
VOLUME      = "95",
NUMBER      = "",
PAGES       = "1127--1142",
YEAR        = "2000",
MONTH       = "",
NOTE        = "",
}

\@ARTICLE{Kass1995,
AUTHOR      = "Robert E. Kass and Adrian E. Raftery",
TITLE       = "Bayes factorss",
JOURNAL     = "Journal of American Statistical Association",
VOLUME      = "90",
NUMBER      = "430",
PAGES       = "773--795",
YEAR        = "1995",
MONTH       = "",
NOTE        = "",
}

\@ARTICLE{Jeffreys1935,
AUTHOR      = "H. Jeffreys",
TITLE       = "Some test of significance, treated by the theory of probability",
JOURNAL     = "Proccedings of the Cambridge philosophy society",
VOLUME      = "31",
NUMBER      = "",
PAGES       = "203--222",
YEAR        = "1935",
MONTH       = "",
NOTE        = "",
}

\@BOOK{berger93,
AUTHOR      = "J. Berger",
TITLE       = "Statistical Decision Theory and Bayesian Analysis",
PUBLISHER   = "Springer",
VOLUME      = "",
NUMBER      = "",
SERIES      = "",
ADDRESS      = "",
EDITION      = "Third Edition",
YEAR        = "1993",
MONTH       = "",
NOTE        = "",
}

\@ARTICLE{Ziliak2008,
AUTHOR      = "S. Ziliak",
TITLE       = "Guinnessometrics; The {E}conomic {F}oundation of Student's t",
JOURNAL     = "Journal of Economic Perspectives",
VOLUME      = "22",
NUMBER      = "4",
PAGES       = "199--216",
YEAR        = "2008",
MONTH       = "",
NOTE        = "",
}

@book{daniel2017thinking,
  title={Thinking, fast and slow},
  author={Kahneman, Daniel},
  year={2011},
  publisher={Macmillan}
}

\@ARTICLE{Lindley76,
AUTHOR      = "Lindley, D. V. and Phillips, L. D.",
TITLE       = "Inference for a {B}ernoulli process (a {B}ayesian view)",
JOURNAL     = "American Statistician",
VOLUME      = "30",
NUMBER      = "",
PAGES       = "112--119",
YEAR        = "1976",
MONTH       = "",
NOTE        = "",
}

\@BOOK{DeGroot1975,
AUTHOR      = "DeGroot, M. H.",
TITLE       = "Probability and statistics",
PUBLISHER   = "Addison-Wesley Publishing Co.",
VOLUME      = "",
NUMBER      = "",
SERIES      = "",
ADDRESS      = "London",
EDITION      = "",
YEAR        = "1975",
MONTH       = "",
NOTE        = "",
}

@Article{Pericchip, 
	Title = {{Adaptative significance levels using optimal decision rules:
Balancing by weighting the error probabilities}},
	Author = {Luis Pericchi and Carlos Pereira},
	Year = {2015},
	Journal = {Brazilian Journal of Probability and Statistics}
}

\@BOOK{Parmigiani2008,
AUTHOR      = "G. Parmigiani and L. Inoue",
TITLE       = "Decision theory principles and approaches",
PUBLISHER   = "John Wiley \& Sons",
VOLUME      = "",
NUMBER      = "",
SERIES      = "",
ADDRESS      = "",
EDITION      = "",
YEAR        = "2008",
MONTH       = "",
NOTE        = "",
}

@techreport{Gelman2013,
  title={Why ask why? Forward causal inference and reverse causal questions},
  author={Gelman, Andrew and Imbens, Guido},
  year={2013},
  institution={National Bureau of Economic Research}
}


\@ARTICLE{Dawid2016,
	AUTHOR      = "Dawid, A. P. and Musio, M. and Fienberg, S. E.",
	TITLE       = "From statistical evidence to evidence of causality",
	JOURNAL     = "Bayesian Analysis",
	VOLUME      = "11",
	NUMBER      = "3",
	PAGES       = "725--752",
	YEAR        = "2016",
	MONTH       = "",
	NOTE        = "",
}

\@BOOK{Bernardo1994,
AUTHOR      = "Bernardo, J. and Smith, A.",
TITLE       = "Bayesian Theory",
PUBLISHER   = "Wiley",
VOLUME      = "",
NUMBER      = "",
SERIES      = "",
ADDRESS      = "Chichester",
EDITION      = "",
YEAR        = "1994",
MONTH       = "",
NOTE        = "",
}
