@Manual{Chang2018,
	title = {Web Application Framework for R: Package shiny},
	author = {W. Chang},
	organization = {R Studio},
	year = {2018},
	url = {http://shiny.rstudio.com/}
}

@Manual{R2021,
	title = {R: A Language and Environment for Statistical Computing},
	author = {{R Core Team}},
	organization = {R Foundation for Statistical Computing},
	address = {Vienna, Austria},
	year = {2021},
	url = {http://www.R-project.org/}
}

\@ARTICLE{Ramirez2020,
	AUTHOR      = "Ramírez-Hassan, A. and Graciano-Londoño, M.",
	TITLE       = "A {GUI}ded tour of {B}ayesian regression",
	JOURNAL     = "The {R} Journal",
	VOLUME      = "13",
	NUMBER      = "2",
	PAGES       = "135-152",
	YEAR        = "2020",
	MONTH       = "",
	NOTE        = "",
}

@book{rossi2012bayesian,
	title={Bayesian statistics and marketing},
	author={Rossi, Peter E and Allenby, Greg M and McCulloch, Rob},
	year={2012},
	publisher={John Wiley \& Sons}
}

@book{greenberg2012introduction,
	title={Introduction to Bayesian econometrics},
	author={Greenberg, Edward},
	year={2012},
	publisher={Cambridge University Press}
}

@book{koop2003bayesian,
	title={Bayesian econometrics},
	author={Koop, Gary M},
	year={2003},
	publisher={John Wiley \& Sons Inc.}
}

\@BOOK{Fisher1958,
	AUTHOR      = "R. Fisher",
	TITLE       = "Statistical Methods for Research Workers",
	PUBLISHER   = "Hafner",
	VOLUME      = "",
	NUMBER      = "",
	SERIES      = "",
	ADDRESS      = "New York",
	EDITION      = "13th",
	YEAR        = "1958",
	MONTH       = "",
	NOTE        = "",
}

\@ARTICLE{Neyman1933,
	AUTHOR      = "J. Neyman and E. Pearson",
	TITLE       = "On the problem of the most efficient tests of statistical
	hypotheses",
	JOURNAL     = "Philosophical Transactions of the Royal Society, Series A",
	VOLUME      = "231",
	NUMBER      = "",
	PAGES       = "289--337",
	YEAR        = "1933",
	MONTH       = "",
	NOTE        = "",
}

\@ARTICLE{Goodman1999,
	AUTHOR      = "Goodman, S. N.",
	TITLE       = "Toward evidence-based medical statistics. 1: The {P} value fallacy",
	JOURNAL     = "Annals of internal medicine",
	VOLUME      = "130",
	NUMBER      = "12",
	PAGES       = "995--1004",
	YEAR        = "1999",
	MONTH       = "",
	NOTE        = "",
}

@Article{Wasserstein2016, 
	Title = {The {ASA}'s statement on p--values: context, process and purpose},
	Author = {Ronald L. Wasserstein and Nicole A. Lazar},
	Year = {2016},
	Journal = {The American Statistician}
}

\@ARTICLE{Raftery1995,
	AUTHOR      = "A. Raftery",
	TITLE       = "Bayesian Model Selection in Social Research",
	JOURNAL     = "Sociological Methodology",
	VOLUME      = "25",
	NUMBER      = "",
	PAGES       = "111--163",
	YEAR        = "1995",
	MONTH       = "",
	NOTE        = "",
}

\@ARTICLE{Good1992,
	AUTHOR      = "Good, I. J.",
	TITLE       = "The Bayes/Non Bayes compromise: A brief review",
	JOURNAL     = "Journal of the American Statistical Association",
	VOLUME      = "87",
	NUMBER      = "419",
	PAGES       = "597--606",
	YEAR        = "1992",
	MONTH       = "September",
	NOTE        = "",
}

\@ARTICLE{Bayarri2004,
	AUTHOR      = "M. J. Bayarri and J. Berger",
	TITLE       = "The Interplay of Bayesian and Frequentist Analysis",
	JOURNAL     = "Statistical Science",
	VOLUME      = "19",
	NUMBER      = "1",
	PAGES       = "58--80",
	YEAR        = "2004",
	MONTH       = "",
	NOTE        = "",
}

\@ARTICLE{Kass2011,
	AUTHOR      = "R. Kass",
	TITLE       = "Statistical inference: the big picture",
	JOURNAL     = "Statistical science",
	VOLUME      = "26",
	NUMBER      = "1",
	PAGES       = "1--9",
	YEAR        = "2011",
	MONTH       = "",
	NOTE        = "",
}

@book{lancaster2004introduction,
	title={An introduction to modern Bayesian econometrics},
	author={Lancaster, Tony},
	year={2004},
	publisher={Blackwell Oxford}
}

@book{geweke2005contemporary,
	title={Contemporary Bayesian econometrics and statistics},
	author={Geweke, John},
	volume={537},
	year={2005},
	publisher={John Wiley \& Sons}
}

@incollection{Ramsey1926,
	author      = "F. Ramsey",
	title       = "Truth and Probability",
	editor      = "Routledge and Kegan Paul",
	booktitle   = "The Foundations of Mathematics and other Logical Essays",
	publisher   = "New York: Harcourt, Brace and Company",
	address     = "London",
	year        = "1926",
	note		  = "Ch. VII, p.156--198"
}

@incollection{deFinetti1937,
	author      = "de Finetti",
	title       = "Foresight: its logical laws, its subjective sources",
	editor      = "H. E. Kyburg and H. E. Smokler",
	booktitle   = "Studies in Subjective Probability",
	publisher   = "Krieger",
	address     = "New York",
	year        = "1937",
	note				= "p.55--118"
}

\@BOOK{savage1954,
	AUTHOR      = "Savage, L. J.",
	TITLE       = "The foundations of statistics",
	PUBLISHER   = "John Wiley \& Sons, Inc.",
	VOLUME      = "",
	NUMBER      = "",
	SERIES      = "",
	ADDRESS      = "New York",
	EDITION      = "",
	YEAR        = "1954",
	MONTH       = "",
	NOTE        = "",
}

\@ARTICLE{Lindley2000,
	AUTHOR      = "Lindley, D. V.",
	TITLE       = "The philosophy of statistics",
	JOURNAL     = "The Statistician",
	VOLUME      = "49",
	NUMBER      = "3",
	PAGES       = "293--337",
	YEAR        = "2000",
	MONTH       = "",
	NOTE        = "",
}

\@ARTICLE{Bayes1763,
	AUTHOR      = "Bayes, T.",
	TITLE       = "An essay towards solving a problem in the doctrine of chances",
	JOURNAL     = "Philosophical Transactions of the Royal Society of London",
	VOLUME      = "53",
	NUMBER      = "",
	PAGES       = "370--416",
	YEAR        = "1763",
	MONTH       = "",
	NOTE        = "",
}

\@BOOK{Laplace1812,
	AUTHOR      = "Laplace, P.",
	TITLE       = "Th\'{e}orie Analytique des Probabilit\'{e}s",
	PUBLISHER   = "Courcier",
	VOLUME      = "",
	NUMBER      = "",
	SERIES      = "",
	ADDRESS      = "",
	EDITION      = "",
	YEAR        = "1812",
	MONTH       = "",
	NOTE        = "",
}

\@ARTICLE{Berger2006,
	AUTHOR      = "Berger, J.",
	TITLE       = "The Case for Objective Bayesian Analysis",
	JOURNAL     = "Bayesian Analysis",
	VOLUME      = "1",
	NUMBER      = "3",
	PAGES       = "385--402",
	YEAR        = "2006",
	MONTH       = "",
	NOTE        = "",
}

\@BOOK{Jeffreys1961,
	AUTHOR      = "Jeffreys, H.",
	TITLE       = "Theory of Probability",
	PUBLISHER   = "Oxford University Press",
	VOLUME      = "",
	NUMBER      = "",
	SERIES      = "",
	ADDRESS      = "London",
	EDITION      = "",
	YEAR        = "1961",
	MONTH       = "",
	NOTE        = "",
}

@article{Box1976,
	title={Science and Statistics},
	author={Box, G. E. P.},
	journal={Journal of the {A}merican {S}tatistical {A}ssociation},
	volume={71},
	number={},
	pages={791--799},
	year={1976},
	publisher={}
}

@incollection{box1979robustness,
	title={Robustness in the strategy of scientific model building},
	author={Box, George EP},
	booktitle={Robustness in statistics},
	pages={201--236},
	year={1979},
	publisher={Elsevier}
}
@incollection{Gelman1996,
	author      = "A. Gelman and X. Meng",
	title       = "Model checking and model improvement",
	editor      = "Gilks and Richardson and Speigelhalter",
	booktitle   = "In Markov chain Monte Carlo in practice",
	publisher   = "Springer US",
	address     = "",
	year        = "1996",
	note				= "Chapter 6, pp. 157--196"
}

@article{gelman1996posterior,
	title={Posterior predictive assessment of model fitness via realized discrepancies},
	author={A. Gelman and X. Meng and H. Stern},
	journal={Statistica sinica},
	pages={733--760},
	year={1996},
	publisher={JSTOR}
}

\@ARTICLE{Bayarri2000,
	AUTHOR      = "M. Bayarri and J. Berger",
	TITLE       = "P--values for composite null models",
	JOURNAL     = "Journal of American Statistical Association",
	VOLUME      = "95",
	NUMBER      = "",
	PAGES       = "1127--1142",
	YEAR        = "2000",
	MONTH       = "",
	NOTE        = "",
}

\@ARTICLE{Kass1995,
	AUTHOR      = "Robert E. Kass and Adrian E. Raftery",
	TITLE       = "Bayes factorss",
	JOURNAL     = "Journal of American Statistical Association",
	VOLUME      = "90",
	NUMBER      = "430",
	PAGES       = "773--795",
	YEAR        = "1995",
	MONTH       = "",
	NOTE        = "",
}

\@ARTICLE{Jeffreys1935,
	AUTHOR      = "H. Jeffreys",
	TITLE       = "Some test of significance, treated by the theory of probability",
	JOURNAL     = "Proccedings of the Cambridge philosophy society",
	VOLUME      = "31",
	NUMBER      = "",
	PAGES       = "203--222",
	YEAR        = "1935",
	MONTH       = "",
	NOTE        = "",
}

\@BOOK{berger93,
	AUTHOR      = "J. Berger",
	TITLE       = "Statistical Decision Theory and Bayesian Analysis",
	PUBLISHER   = "Springer",
	VOLUME      = "",
	NUMBER      = "",
	SERIES      = "",
	ADDRESS      = "",
	EDITION      = "Third Edition",
	YEAR        = "1993",
	MONTH       = "",
	NOTE        = "",
}

\@ARTICLE{Ziliak2008,
	AUTHOR      = "S. Ziliak",
	TITLE       = "Guinnessometrics; The {E}conomic {F}oundation of Student's t",
	JOURNAL     = "Journal of Economic Perspectives",
	VOLUME      = "22",
	NUMBER      = "4",
	PAGES       = "199--216",
	YEAR        = "2008",
	MONTH       = "",
	NOTE        = "",
}

@book{daniel2017thinking,
	title={Thinking, fast and slow},
	author={Kahneman, Daniel},
	year={2011},
	publisher={Macmillan}
}

\@ARTICLE{Lindley76,
	AUTHOR      = "Lindley, D. V. and Phillips, L. D.",
	TITLE       = "Inference for a {B}ernoulli process (a {B}ayesian view)",
	JOURNAL     = "American Statistician",
	VOLUME      = "30",
	NUMBER      = "",
	PAGES       = "112--119",
	YEAR        = "1976",
	MONTH       = "",
	NOTE        = "",
}

\@BOOK{DeGroot1975,
	AUTHOR      = "DeGroot, M. H.",
	TITLE       = "Probability and statistics",
	PUBLISHER   = "Addison-Wesley Publishing Co.",
	VOLUME      = "",
	NUMBER      = "",
	SERIES      = "",
	ADDRESS      = "London",
	EDITION      = "",
	YEAR        = "1975",
	MONTH       = "",
	NOTE        = "",
}

@Article{Pericchip, 
	Title = {{Adaptative significance levels using optimal decision rules:
	Balancing by weighting the error probabilities}},
	Author = {Luis Pericchi and Carlos Pereira},
	Year = {2015},
	Journal = {Brazilian Journal of Probability and Statistics}
}

\@BOOK{Parmigiani2008,
	AUTHOR      = "G. Parmigiani and L. Inoue",
	TITLE       = "Decision theory principles and approaches",
	PUBLISHER   = "John Wiley \& Sons",
	VOLUME      = "",
	NUMBER      = "",
	SERIES      = "",
	ADDRESS      = "",
	EDITION      = "",
	YEAR        = "2008",
	MONTH       = "",
	NOTE        = "",
}

@techreport{Gelman2013,
	title={Why ask why? Forward causal inference and reverse causal questions},
	author={Gelman, Andrew and Imbens, Guido},
	year={2013},
	institution={National Bureau of Economic Research}
}

@article{bayes1763lii,
	title={{LII}. An essay towards solving a problem in the doctrine of chances. By the late Rev. Mr. Bayes, {FRS} communicated by {M}r. {P}rice, in a letter to {J}ohn {C}anton, {AMFR S}},
	author={Bayes, Thomas},
	journal={Philosophical transactions of the Royal Society of London},
	volume={53},
	pages={370--418},
	year={1763},
	publisher={The Royal Society London}
}

@article{laplace1774memoire,
	title={M{\'e}moire sur la probabilit{\'e} de causes par les {\'e}venements},
	author={Laplace, Pierre Simon},
	journal={M{\'e}moire de l'acad{\'e}mie royale des sciences},
	year={1774}
}

@article{stigler2018richard,
	title={Richard Price, the first Bayesian},
	author={Stigler, Stephen},
	journal={Statistical Science},
	volume={33},
	number={1},
	pages={117--125},
	year={2018},
	publisher={Institute of Mathematical Statistics}
}

@article{selvin1975problem,
	title={A problem in probability (letter to the editor)},
	author={Selvin, Steve},
	journal={The American Statistician},
	volume={29},
	number={1},
	pages={67--71},
	year={1975}
}

@article{morgan1991let,
	title={Let's make a deal: The player's dilemma},
	author={Morgan, John P and Chaganty, N Rao and Dahiya, Ram C and Doviak, Michael J},
	journal={The American Statistician},
	volume={45},
	number={4},
	pages={284--287},
	year={1991},
	publisher={Taylor \& Francis}
}


\@ARTICLE{Dawid2016,
	AUTHOR      = "Dawid, A. P. and Musio, M. and Fienberg, S. E.",
	TITLE       = "From statistical evidence to evidence of causality",
	JOURNAL     = "Bayesian Analysis",
	VOLUME      = "11",
	NUMBER      = "3",
	PAGES       = "725--752",
	YEAR        = "2016",
	MONTH       = "",
	NOTE        = "",
}

\@BOOK{Bernardo1994,
	AUTHOR      = "Bernardo, J. and Smith, A.",
	TITLE       = "Bayesian Theory",
	PUBLISHER   = "Wiley",
	VOLUME      = "",
	NUMBER      = "",
	SERIES      = "",
	ADDRESS      = "Chichester",
	EDITION      = "",
	YEAR        = "1994",
	MONTH       = "",
	NOTE        = "",
}

@incollection{petris2009dynamic,
	title={Dynamic linear models},
	author={Petris, Giovanni and Petrone, Sonia and Campagnoli, Patrizia},
	booktitle={Dynamic Linear Models with R},
	pages={31--84},
	year={2009},
	publisher={Springer}
}

@article{gelman2006prior,
	title={Prior distributions for variance parameters in hierarchical models (comment on article by Browne and Draper)},
	author={Gelman, Andrew and others},
	journal={Bayesian analysis},
	volume={1},
	number={3},
	pages={515--534},
	year={2006},
	publisher={International Society for Bayesian Analysis}
}

@article{bickel1969some,
	title={Some contributions to the asymptotic theory of Bayes solutions},
	author={Bickel, Peter J and Yahav, Joseph A},
	journal={Zeitschrift f{\"u}r Wahrscheinlichkeitstheorie und verwandte Gebiete},
	volume={11},
	number={4},
	pages={257--276},
	year={1969},
	publisher={Springer}
}

\@BOOK{Lehmann2003,
	AUTHOR      = "E.L. Lehmann and George Casella",
	TITLE       = "Theory of Point Estimation",
	PUBLISHER   = "Springer",
	VOLUME      = "",
	NUMBER      = "",
	SERIES      = "",
	ADDRESS      = "",
	EDITION      = "Second Edition",
	YEAR        = "2003",
	MONTH       = "",
	NOTE        = "",
}

@article{conley2008semi,
	title={A semi-parametric Bayesian approach to the instrumental variable problem},
	author={Conley, Timothy G and Hansen, Christian B and McCulloch, Robert E and Rossi, Peter E},
	journal={Journal of Econometrics},
	volume={144},
	number={1},
	pages={276--305},
	year={2008},
	publisher={Elsevier}
}

@article{neyman1933ix,
	title={IX. On the problem of the most efficient tests of statistical hypotheses},
	author={Neyman, Jerzy and Pearson, Egon Sharpe},
	journal={Philosophical Transactions of the Royal Society of London. Series A, Containing Papers of a Mathematical or Physical Character},
	volume={231},
	number={694-706},
	pages={289--337},
	year={1933},
	publisher={The Royal Society London}
}

@book{berger2013statistical,
	title={Statistical decision theory and Bayesian analysis},
	author={Berger, James O},
	year={2013},
	publisher={Springer Science \& Business Media}
}

\@ARTICLE{Chernozhukov2003,
	AUTHOR      = "V. Chernozhukov and H. Hong",
	TITLE       = "An {MCMC} approach to classical estimation",
	JOURNAL     = "Journal of Econometrics",
	VOLUME      = "115",
	NUMBER      = "",
	PAGES       = "293--346",
	YEAR        = "2003",
	MONTH       = "",
	NOTE        = "",
}

@Article{Gneiting2007,
	author =       "Gneiting, T. and Raftery, A.",
	title =        "Strictly Proper Scoring Rules, Prediction,	and Estimation",
	journal =      "Journal of the American Statistical Association",
	year =         "2007",
	volume =       "102",
	number =       "477",
	pages =        "359-378",
	month =        "",
	note =         "",
}

@Article{Diks2011,
	author =       "C. Diks and V. Panchenko and D. van Dijk",
	title =        "Likelihood-Based Scoring Rules for Comparing Density Forecasts in Tails",
	journal =      "Journal of Econometrics",
	year =         "2011",
	volume =       "163",
	number =       "",
	pages =        "215-230",
	month =        "",
	note =         "",
}

@ARTICLE{metropolis53,
	AUTHOR       = "N. Metropolis and A. Rosenbluth and M. Rosenbluth and A. Teller and E. Teller",
	TITLE        = "Equations of state calculations by fast computing machines",
	JOURNAL      = "J. Chem. Phys",
	YEAR         = "1953",
	VOLUME       = "21",
	NUMBER       = "",
	PAGES        = "1087-1092",
	MONTH        = "",
	NOTE         = ""
}

@ARTICLE{hastings70,
	AUTHOR       = "W. Hastings",
	TITLE        = "Monte {C}arlo sampling methods using {M}arkov chains and their application",
	JOURNAL      = "Biometrika",
	YEAR         = "1970",
	VOLUME       = "57",
	NUMBER       = "",
	PAGES        = "97-109",
	MONTH        = "",
	NOTE         = ""
}

@article{Gelfand1990,
	title={Sampling-Based Approaches to Calculating Marginal Densities},
	author={A. E. Gelfand and A. F. M. Smith},
	journal={Journal of the American Statistical Association},
	pages={398--409},
	volume={85},
	number={},
	year={1990}
}

@ARTICLE{Geman1984,
	AUTHOR       = "Geman, S and Geman, D.",
	TITLE        = "Stochastic relaxation, {G}ibbs distributions and the {B}ayesian restoration of images",
	JOURNAL      = "IEEE Transactions on Pattern Analysis and Machine Intelligence",
	YEAR         = "1984",
	VOLUME       = "6",
	NUMBER       = "",
	PAGES        = "721--741",
	MONTH        = "",
	NOTE         = ""
}

@article{tierney1994markov,
	title={Markov chains for exploring posterior distributions},
	author={Tierney, Luke},
	journal={The Annals of Statistics},
	pages={1701--1728},
	year={1994},
	publisher={JSTOR}
}

@article{chib1995marginal,
	title={Marginal likelihood from the Gibbs output},
	author={Chib, Siddhartha},
	journal={Journal of the american statistical association},
	volume={90},
	number={432},
	pages={1313--1321},
	year={1995},
	publisher={Taylor \& Francis Group}
}

@article{chib2001marginal,
	title={Marginal likelihood from the Metropolis--Hastings output},
	author={Chib, Siddhartha and Jeliazkov, Ivan},
	journal={Journal of the American Statistical Association},
	volume={96},
	number={453},
	pages={270--281},
	year={2001},
	publisher={Taylor \& Francis}
}

@article{gelfand1994bayesian,
	title={Bayesian model choice: asymptotics and exact calculations},
	author={Gelfand, Alan E and Dey, Dipak K},
	journal={Journal of the Royal Statistical Society: Series B (Methodological)},
	volume={56},
	number={3},
	pages={501--514},
	year={1994},
	publisher={Wiley Online Library}
}

@article{Tierney1986,
	title={Accurate approximations for posterior moments and marginal densities},
	author={Tierney, Luke and Kadane, Joseph B},
	journal={Journal of the American Statistical Association},
	volume={81},
	number={393},
	pages={82--86},
	year={1986},
	publisher={Taylor \& Francis Group}
}

@article{Jordan1999,
	title={Introduction to variational
	methods for graphical models},
	author={Jordan, M. I. and Ghahramani, Z. and Jaakkola, T. and Saul, L.},
	journal={Machine Learning},
	volume={37},
	number={},
	pages={183–233},
	year={1999}
}

@Article{Madigan1994, 
	Title = {{Model selection and accounting for model uncertainty in graphical models using {O}ccam's window}},
	Author = {D. Madigan and A. E. Raftery},
	Year = {1994},
	Journal = {Journal of the American Statistical Association},
	Volume = {89},
	Number = {428},
	Pages = {1535-1546}
}

@book{schlaifer1961applied,
	title={Applied statistical decision theory},
	author={Schlaifer, Robert and Raiffa, Howard},
	year={1961},
	publisher={Wiley New York}
}

@article{diaconis1979conjugate,
	title={Conjugate priors for exponential families},
	author={Diaconis, Persi and Ylvisaker, Donald},
	journal={The Annals of statistics},
	volume={7},
	number={2},
	pages={269--281},
	year={1979},
	publisher={Institute of Mathematical Statistics}
}

@book{zellner1996introduction,
	author = {Zellner, A.},
	year = {1996},
	title = {Introduction to Bayesian inference in econometrics},
	publisher = {John Wiley \& Sons Inc.}
}

@article{Smith1973,
	title = {{A General Bayesian Linear Model}},
	author = {Smith, A. F. M.},
	journal = {Journal of the Royal Statistical Society. Series B (Methodological).},
	volume = {35},
	number = {1},
	pages = {67--75},
	year = {1973},
	publisher = {John Wiley \& Sons},
}

@ARTICLE{Serna2018,
	AUTHOR       = "Serna Rodr\'iguez, M. and Ram\'irez Hassan, A. and Coad, A.",
	TITLE        = "Uncovering value drivers of high performance soccer players",
	JOURNAL      = "Journal of Sport Economics",
	YEAR         = "2019",
	VOLUME       = "20",
	NUMBER       = "6",
	PAGES        = "819--849",
	MONTH        = "",
	NOTE         = ""
}

@book{efron2016computer,
	title={Computer age statistical inference},
	author={Efron, Bradley and Hastie, Trevor},
	volume={5},
	year={2016},
	publisher={Cambridge University Press}
}

@inbook{Geweke1992,
	author	= "Geweke, J.",
	title	= "Bayesian Statistics",
	chapter	= "Evaluating the accuracy of sampling-based approaches to calculating posterior moments",
	pages	= "",
	publisher= "Clarendon Press, Oxford, UK.",
	year	= "1992"
}

@ARTICLE{Raftery1992,
	AUTHOR       = "Raftery, A.E. and Lewis, S.M.",
	TITLE        = "One Long Run with Diagnostics: Implementation Strategies for {M}arkov chain {M}onte {C}arlo",
	JOURNAL      = "Statistical Science",
	YEAR         = "1992",
	VOLUME       = "7",
	NUMBER       = "",
	PAGES        = "493--497",
	MONTH        = "",
	NOTE         = ""
}

@ARTICLE{Heidelberger1983,
	AUTHOR       = "Heidelberger, P. and Welch, P. D.",
	TITLE        = "Simulation run length control in the presence of an initial transient",
	JOURNAL      = "Operations Research",
	YEAR         = "1983",
	VOLUME       = "31",
	NUMBER       = "6",
	PAGES        = "1109--1144",
	MONTH        = "",
	NOTE         = ""
}

@Manual{Martin2018,
	title={Package MCMCpack},
	author={Andrew D. Martin and Kevin M. Quinn and Jong Hee Park},
	year={2018}
}

@Article{Martin2011, 
	Title = {{MCMCpack}: Markov chain {M}onte {C}arlo in {R}},
	Author = {Andrew D. Martin and Kevin M. Quinn and Jong Hee Park},
	Year = {2011},
	Journal = {Journal of Statistical Software},
	Volume = {42},
	Number = {9},
	Pages = {1-21}
}

@article{albert1993bayesian,
	title={Bayesian analysis of binary and polychotomous response data},
	author={Albert, James H and Chib, Siddhartha},
	journal={Journal of the American statistical Association},
	volume={88},
	number={422},
	pages={669--679},
	year={1993},
	publisher={Taylor \& Francis}
}

@Article{Tanner1987, 
	Title = {The Calculation of Posterior Distributions by Data Augmentation},
	Author = {M. A. Tanner and W. H. Wong},
	Year = {1987},
	Journal = {Journal of the American Statistical Association},
	Volume = {82},
	Number = {398},
	Pages = {528-540}
}

@ARTICLE{Ramirez2013,
	AUTHOR       = "Ram\'irez Hassan, A. and Cardona Jim\'enez, J. and Cadavid Montoya, R.",
	TITLE        = "The impact of subsidized health insurance on the poor in {C}olombia: Evaluating the case of {M}edell\'in",
	JOURNAL      = "Economia Aplicada",
	YEAR         = "2013",
	VOLUME       = "17",
	NUMBER       = "4",
	PAGES        = "543--556",
	MONTH        = "",
	NOTE         = ""
}

@article{sellke2001calibration,
	title={Calibration of p values for testing precise null hypotheses},
	author={Sellke, Thomas and Bayarri, MJ and Berger, James O},
	journal={The American Statistician},
	volume={55},
	number={1},
	pages={62--71},
	year={2001},
	publisher={Taylor \& Francis}
}

@article{benjamin2018redefine,
	title={Redefine statistical significance},
	author={Benjamin, Daniel J and Berger, James O and Johannesson, Magnus and Nosek, Brian A and Wagenmakers, E-J and Berk, Richard and Bollen, Kenneth A and Brembs, Bj{\"o}rn and Brown, Lawrence and Camerer, Colin and others},
	journal={Nature human behaviour},
	volume={2},
	number={1},
	pages={6--10},
	year={2018},
	publisher={Nature Publishing Group}
}

@ARTICLE{Clyde2004,
	AUTHOR       = "M. Clyde and E. George",
	TITLE        = "Model Uncertatinty",
	JOURNAL      = "Statistical Science",
	YEAR         = "2004",
	VOLUME       = "19",
	NUMBER       = "1",
	PAGES        = "81--94",
	MONTH        = "",
	NOTE         = ""
}

@article{lindley1957statistical,
	title={A statistical paradox},
	author={Lindley, Dennis V},
	journal={Biometrika},
	volume={44},
	number={1/2},
	pages={187--192},
	year={1957},
	publisher={JSTOR}
}

@book{mcgrayne2011theory,
	title={The Theory That Would Not Die: How Bayes' Rule Cracked the Enigma Code, Hunted Down Russian Submarines, \& Emerged Triumphant from Two Centuries of C},
	author={McGrayne, Sharon Bertsch},
	year={2011},
	publisher={Yale University Press}
}

@book{gelman2021bayesian,
	title={Bayesian data analysis},
	author={Gelman, Andrew and Carlin, John B and Stern, Hal S and Dunson, David and Vehtari, Aki and Rubin, Donald B},
	year={2021},
	publisher={Chapman and Hall/CRC}
}

@Article{Albert1993, 
	Title = {Bayesian Analysis of Binary and Polychotomous Response Data},
	Author = {J. H. Albert and S. Chib},
	Year = {1993},
	Journal = {Journal of the American Statistical Association},
	Volume = {88},
	Number = {422},
	Pages = {669-679}
}

@ARTICLE{McCulloch1994,
	AUTHOR       = "R. McCulloch and P. Rossi",
	TITLE        = "An exact likelihood analysis of the multinomial probit model",
	JOURNAL      = "Journal of Econometrics",
	YEAR         = "1994",
	VOLUME       = "64",
	NUMBER       = "",
	PAGES        = "207--240",
	MONTH        = "",
	NOTE         = ""
}

@BOOK{cameron05,
	AUTHOR       = "Colin Cameron and Pravin Trivedi",
	TITLE        = "Microeconometrics: Methods and Applications",
	PUBLISHER    = "Cambridge",
	YEAR         = "2005",
	VOLUME       = "",
	SERIES       = "",
	ADDRESS      = "",
	EDITION      = "",
	MONTH        = "",
	NOTE         = ""
}

@Manual{Rossi2017,
	title={Package bayesm},
	author={P. Rossi},
	year={2017},
	url = {https://CRAN.R-project.org/package=bayesm}
}

@Manual{Baath2018,
	title={Package bayesboot},
	author={R. Baath},
	year={2018},
	url = {https://CRAN.R-project.org/package=bayesboot}
}

@Manual{Raftery2012,
	title={Package {BMA}},
	author={Adrian Raftery and Jennifer Hoeting and Chris Volinsky and	Ian Painter and Ka Yee Yeung},
	year={2012},
	url = {https://CRAN.R-project.org/package=BMA}
}

@Manual{Lenkoski2013,
	title={Package {ivbma}},
	author={Alex Lenkoski and Anna Karl and Andreas Neudecker},
	year={2013},
	url = {https://CRAN.R-project.org/package=ivbma}
}

@Manual{Plummer2016,
	title={Output Analysis and Diagnostics for MCMC},
	author={Martyn Plummer and Nicky Best and Kate Cowles and Karen Vines and Deepayan Sarkar and Douglas Bates and Russell Almond and Arni Magnusson},
	year={2016},
	url = {https://CRAN.R-project.org/package=coda}
}

@article{Furnival1974,
	title={Regressions by Leaps and Bounds},
	author={George M. Furnival and Robert W. Wilson},
	journal={Technometrics},
	pages={ 499--511},
	volume={16},
	number={4},
	year={1974}
}

@ARTICLE{Woodward2005,
	AUTHOR       = "P. Woodward",
	TITLE        = "Bugs{XLA}: Bayes for the common man",
	JOURNAL      = "Journal of Statistical Software",
	YEAR         = "2005",
	VOLUME       = "14",
	NUMBER       = "5",
	PAGES        = "1--18",
	MONTH        = "",
	NOTE         = ""
}

@ARTICLE{Karabatsos2016,
	AUTHOR       = "Karabatsos, G.",
	TITLE        = " A Menu-Driven Software Package of {B}ayesian Nonparametric (and Parametric) Mixed Models for Regression Analysis and Density Estimation",
	JOURNAL      = "Behavior Research Methods",
	YEAR         = "2016",
	VOLUME       = "49",
	NUMBER       = "",
	PAGES        = "335--362",
	MONTH        = "",
	NOTE         = ""
}

@Misc{shinystan2017,
	title = {shinystan: Interactive Visual and Numerical Diagnostics
	and Posterior Analysis for {B}ayesian Models.},
	author = {{Stan Development Team}},
	year = {2017},
	note = {R package version 2.3.0},
	url = {http://mc-stan.org/},
}
@Article{Chib1992, 
	Title = {Bayes inference in the {T}obit censored regression model},
	Author = {S. Chib},
	Year = {1992},
	Journal = {Journal of Econometrics},
	Volume = {51},
	Number = {},
	Pages = {79-99}
}

@Article{Kozumi2011, 
	Title = {Gibbs sampling methods for {B}ayesian quantile regression},
	Author = {Hideo Kozumi and Genya Kobayashi},
	Year = {2011},
	Journal = {Journal of Statistical Computation and Simulation},
	Volume = {81},
	Number = {11},
	Pages = {1565–-1578}
}

@Article{Rubin1981, 
	Title = {The {B}ayesian Bootstrap},
	Author = {Donnald B. Rubin},
	Year = {1981},
	Journal = {The Annals of Statistics},
	Volume = {9},
	Number = {1},
	Pages = {130-134}
}

@Article{Efron1979, 
	Title = {Bootstrap methods: {A}nother look at the jackknife},
	Author = {B. Efron},
	Year = {1979},
	Journal = {The Annals of Statistics},
	Volume = {7},
	Number = {},
	Pages = {1-26}
}

\@ARTICLE{Acemoglu2001,
	AUTHOR      = "D. Acemoglu and S. Johnson and J. Robinson",
	TITLE       = "The colonial origins of comparative development: An empirical investigation",
	JOURNAL     = "The American Economic Review",
	VOLUME      = "91",
	NUMBER      = "5",
	PAGES       = "1369--1401",
	YEAR        = "2001",
	MONTH       = "",
	NOTE        = "",
}

@article{nobile2000comment,
	title={Comment: Bayesian multinomial probit models with a normalization constraint},
	author={Nobile, Agostino},
	journal={Journal of Econometrics},
	volume={99},
	number={2},
	pages={335--345},
	year={2000},
	publisher={Elsevier}
}

@article{mcculloch2000bayesian,
	title={A Bayesian analysis of the multinomial probit model with fully identified parameters},
	author={McCulloch, Robert E and Polson, Nicholas G and Rossi, Peter E},
	journal={Journal of econometrics},
	volume={99},
	number={1},
	pages={173--193},
	year={2000},
	publisher={Elsevier}
}

@book{van2000asymptotic,
	title={Asymptotic statistics},
	author={Van der Vaart, Aad W},
	volume={3},
	year={2000},
	publisher={Cambridge university press}
}

@book{wooldridge2016introductory,
	title={Introductory Econometrics: A Modern Approach},
	author={Wooldridge, Jeffrey M.},
	year={2016},
	edition={6th},
	publisher={Cengage Learning},
	address={Boston, MA},
}

@book{gujarati2009basic,
	title={Basic Econometrics},
	author={Gujarati, Damodar N. and Porter, Dawn C.},
	year={2009},
	edition={5th},
	publisher={McGraw-Hill Education},
	address={New York, NY},
}

@article{ramirez2024welfare,
	title={Welfare implications of a tax on electricity: A semi-parametric specification of the incomplete EASI demand system},
	author={Ram{\'\i}rez--Hassan, Andr{\'e}s and L{\'o}pez-Vera, Alejandro},
	journal={Energy Economics},
	pages={1-13},
	year={2024},
	volume={131},
	publisher={Elsevier}
}

@Manual{R2023,
	title = {R: A Language and Environment for Statistical Computing},
	author = {{R Core Team}},
	organization = {R Foundation for Statistical Computing},
	address = {Vienna, Austria},
	year = {2023},
	url = {https://www.R-project.org/},
}

@book{wooldridge2010econometric,
	title={Econometric analysis of cross section and panel data},
	author={Wooldridge, Jeffrey M},
	year={2010},
	publisher={MIT press}
}

@book{casella2024statistical,
	title={Statistical inference},
	author={Casella, George and Berger, Roger},
	year={2024},
	publisher={CRC Press}
}

@Article{Conley2012, 
	Title = {Plausibly exogenous},
	Author = {T. Conley and C. Hansen and P. Rossi},
	Year = {2012},
	Journal = {The Review of Economics and Statistics},
	Volume = {94},
	Number = {1},
	Pages = {260--272}
}

@ARTICLE{Edwards2003,
	AUTHOR       = "Y. D. Edwards and G. M. Allenby",
	TITLE        = "Multivariate Analysis of Multiple Response
	Data",
	JOURNAL      = " Journal of Marketing Research",
	YEAR         = "2003",
	VOLUME       = "40",
	NUMBER       = "",
	PAGES        = "321--334",
	MONTH        = "",
	NOTE         = ""
}

 @ARTICLE{Ramirez2019a,
	AUTHOR       = "Ram\'irez-Hassan, A. and Guerra-Urzola, R.",
	TITLE        = "Bayesian treatment effects due to a subsidized health program: The case of preventive health care utilization in Medell\'in ({C}olombia)",
	JOURNAL      = "Empirical Economics",
	YEAR         = "2021",
	VOLUME       = "60",
	NUMBER       = "",
	PAGES        = "1477--1506",
	MONTH        = "",
	NOTE         = ""
}

@Article{Chib1999, 
	Title = {On {MCMC} sampling in hierarchical	longitudinal models},
	Author = {S. Chib and B. Carlin},
	Year = {1999},
	Journal = {Statistics and Computing},
	Volume = {9},
	Number = {},
	Pages = {17--26}
}

 @ARTICLE{Ramirez2017,
	AUTHOR       = "Ram\'irez Hassan, A.",
	TITLE        = "The interplay between the {B}ayesian and frequentist approaches: a general nesting spatial panel data model",
	JOURNAL      = "Spatial Economic Analysis",
	YEAR         = "2017",
	VOLUME       = "12",
	NUMBER       = "1",
	PAGES        = "92--112",
	MONTH        = "",
	NOTE         = ""
}

@article{rendon2013fixed,
	title={Fixed and random effects in classical and Bayesian regression},
	author={Rendon, Silvio R},
	journal={Oxford Bulletin of Economics and Statistics},
	volume={75},
	number={3},
	pages={460--476},
	year={2013},
	publisher={Wiley Online Library}
}

@ARTICLE{Winkelmann2004,
	AUTHOR       = "R. Winkelmann",
	TITLE        = "Health Care Reform and the Number of Doctor Visits - {A}n Econometric Analysis",
	JOURNAL      = "Journal of Applied Econometrics",
	YEAR         = "2004",
	VOLUME       = "19",
	NUMBER       = "4",
	PAGES        = "455--472",
	MONTH        = "",
	NOTE         = ""
}

@book{diggle2002analysis,
	title={Analysis of longitudinal data},
	author={Diggle, Peter. and Heagerty, P. and Liang K-Y. and Zeger, S.},
	year={2002},
	publisher={Oxford University Press}
}

@article{Simmons2010,
	title={Markov Chain {M}onte {C}arlo model composition search strategy for quantitative trait loci in a {B}ayesian hierarchical model},
	author={Simmons, Susan J and Fang, Fang and Fang, Qijun and Ricanek, Karl},
	journal={World Academy of Science, Engineering and Technology},
	volume={63},
	pages={58--61},
	year={2010}
}

@article{ley2009effect,
	title={On the effect of prior assumptions in {B}ayesian model averaging with applications to growth regression},
	author={Ley, Eduardo and Steel, Mark FJ},
	journal={Journal of Applied Econometrics},
	volume={24},
	number={4},
	pages={651--674},
	year={2009},
	publisher={Wiley Online Library}
}

@article{Raftery93,
	title={Bayesian model selection in structural equation models},
	author={Raftery, Adrian E},
	journal={Sage Focus Editions},
	volume={154},
	pages={163--163},
	year={1993},
	publisher={Sage Publications}
}

@ARTICLE{Hoeting1999,
	AUTHOR       = "J. Hoeting and D. Madigan and A. Raftery and C. Volinsky",
	TITLE        = "Bayesian Model Averaging: A Tutorial",
	JOURNAL      = "Statistical Science",
	YEAR         = "1999",
	VOLUME       = "14",
	NUMBER       = "4",
	PAGES        = "382--417",
	MONTH        = "",
	NOTE         = ""
}

@article{Raftery1997,
	title={Bayesian Model Averaging for Linear Regression Models},
	author={Adrian E. Raftery and David Madigan and Jennifer A. Hoeting},
	journal={Journal of the American Statistical Association},
	pages={179--191},
	volume={92},
	number={437},
	year={1997},
	publisher={JSTOR}
}

@article{Green1995,
	title={Reversible jump {M}arkov chain {M}onte {C}arlo computation and {B}ayesian model determination},
	author={Green, P. J.},
	journal={Biometrika},
	volume={82},
	number={},
	pages={711--732},
	year={1995},
	publisher={}
}

@ARTICLE{madigan95,
	AUTHOR       = "D. Madigan and J. C. York and D. Allard",
	TITLE        = "Bayesian Graphical Models for Discrete Data",
	JOURNAL      = "International Statistical Review",
	YEAR         = "1995",
	VOLUME       = "63",
	NUMBER       = "2",
	PAGES        = "215-232",
	MONTH        = "",
	NOTE         = ""
}

@Article{Casella2006,
	author =       "G. Casella and E. Moreno",
	title =        "Objective {B}ayesian Variable Selection",
	journal =      "Journal of the American Statistical Association",
	year =         "2006",
	volume =       "101",
	number =       "473",
	pages =        "157--167",
	month =        "",
	note =         "",
}

@Article{Johnson2012,
	author =       "V. E. Jhonson and D. Rossell",
	title =        "Bayesian model selection in high-dimensional settings",
	journal =      "Journal of the American Statistical Association",
	year =         "2012",
	volume =       "107",
	number =       "498",
	pages =        "649--660",
	month =        "",
	note =         "",
}

@Article{George1993,
	author =       "E. George and R. McCulloch",
	title =        "Variable selection via {G}ibbs sampling",
	journal =      "Journal of the American Statistical Association",
	year =         "1993",
	volume =       "88",
	number =       "423",
	pages =        "881--889",
	month =        "",
	note =         "",
}

@Article{George1997,
	author =       "E. George and R. McCulloch",
	title =        "Approaches for {B}ayesian variable selection",
	journal =      "Statistica Sinica",
	year =         "1997",
	volume =       "7",
	number =       "",
	pages =        "339--373",
	month =        "",
	note =         "",
}

@Article{Ishwaran2005,
	author =       "H. Ishwaran and J. S. Rao",
	title =        "Spike and slab variable selection: Frequentist and {B}ayesian strategies",
	journal =      "The Annals of Statistics",
	year =         "2005",
	volume =       "33",
	number =       "2",
	pages =        "730--773",
	month =        "",
	note =         "",
}

@ARTICLE{Park2008,
	AUTHOR       = "T. Park and G. Casella",
	TITLE        = "The {B}ayesian Lasso",
	JOURNAL      = "Journal of the American Statistical Association",
	YEAR         = "2008",
	VOLUME       = "103",
	NUMBER       = "482",
	PAGES        = "681--686",
	MONTH        = "",
	NOTE         = ""
}

@article{madigan1995bayesian1,
	title={Bayesian graphical models for discrete data},
	author={Madigan, David and York, Jeremy and Allard, Denis},
	journal={International Statistical Review},
	pages={215--232},
	volume={63},
	year={1995},
	publisher={JSTOR}
}

@techreport{Karl2012,
	title={Instrumental variable {B}ayesian model averaging via conditional {B}ayes factor},
	author={Karl, A. and A. Lenkoski},
	year={2012},
	institution={Heidelberg University}
}

@ARTICLE{Koop12,
	AUTHOR       = "G Koop and R Le\'on-Gonzalez and R Strachan",
	TITLE        = "Bayesian model averaging in the instrumental variable regression model",
	JOURNAL      = "Journal of Econometrics",
	YEAR         = "2012",
	VOLUME       = "171",
	NUMBER       = "",
	PAGES        = "237--250",
	MONTH        = "",
	NOTE         = ""
}

@article{Lenkoski2014,
	title={Two-stage {B}ayesian model averaging in endogeneous variable models},
	author={Lenkoski, Alex and Eicher, Theo S. and Raftery, Adrian},
	journal={Econometric Reviews},
	volume={33},
	year={2014}
}

@book{McCullagh1989,
	title={Generalized Linear Models},
	author={P. McCullagh and Nelder, J. A.},
	volume={},
	year={1989},
	publisher={London: Chapman and Hall}
}

@article{Dickey1978,
	title={Bayes factors from mixed probabilities},
	author={Dickey, J. M. and E. Gunel},
	journal={Journal of the Royal Statistical Society: Series B (Methodology)},
	pages={ 43--46},
	volume={40},
	number={},
	year={1978}
}

@article{zellner1986assessing,
	title={On assessing prior distributions and Bayesian regression analysis with g-prior distributions},
	author={Zellner, Arnold},
	journal={Bayesian inference and decision techniques},
	year={1986},
	publisher={Elsevier Science}
}

@article{fernandez2001benchmark,
	title={Benchmark priors for Bayesian model averaging},
	author={Fernandez, Carmen and Ley, Eduardo and Steel, Mark FJ},
	journal={Journal of Econometrics},
	volume={100},
	number={2},
	pages={381--427},
	year={2001},
	publisher={Elsevier}
}

@article{garthwaite05,
	title = {Statistical methods for eliciting probability distributions},
	volume = {100},
	number = {470},
	journal = {Journal of American Statistical Association},
	author = {Garthwaite, P. and Kadane, J. and O'Hagan, A.},
	year = {2005},
	pages = {680--701}
}

@ARTICLE{tversky74,
	AUTHOR       = "A. Tversky and D. Kahneman",
	TITLE        = "Judgement under uncertainty: heuristics and biases",
	JOURNAL      = "Science",
	YEAR         = "1974",
	VOLUME       = "185",
	NUMBER       = " ",
	PAGES        = "1124-1131",
	MONTH        = "",
	NOTE         = ""
}

@incollection{Kadane80,
	author      = "Kadane, J. B.",
	title       = "Predictive and structural methods for eliciting prior distributions.",
	editor      = "A Zellner",
	booktitle   = "Bayesian Analysis in Econometrics and Statistics: Essays in honor of Harold Jeffreys,",
	publisher   = "North--Holland Publishing Company,",
	address     = "Amsterdam",
	year        = "1980",
	pages       = "89--93"
}

@ARTICLE{kadane98,
	AUTHOR       = "Joseph Kadane and Lara Wolfson",
	TITLE        = "Experiences in Elitation",
	JOURNAL      = "The Statiscian",
	YEAR         = "1998",
	VOLUME       = "47",
	NUMBER       = "1",
	PAGES        = "3-19",
	MONTH        = "",
	NOTE         = ""
}

@book{bernardo2009bayesian,
	title={Bayesian theory},
	author={Bernardo, Jos{\'e} M and Smith, Adrian FM},
	volume={405},
	year={2009},
	publisher={John Wiley \& Sons}
}

@article{jeffreys1946invariant,
	title={An invariant form for the prior probability in estimation problems},
	author={Jeffreys, Harold},
	journal={Proceedings of the Royal Society of London. Series A. Mathematical and Physical Sciences},
	volume={186},
	number={1007},
	pages={453--461},
	year={1946},
	publisher={The Royal Society London}
}

@article{berger1996intrinsic,
	title={The intrinsic Bayes factor for model selection and prediction},
	author={Berger, James O and Pericchi, Luis R},
	journal={Journal of the American Statistical Association},
	volume={91},
	number={433},
	pages={109--122},
	year={1996},
	publisher={Taylor \& Francis}
}

@article{bhatia2023bayesian,
	title={Bayesian robustness: A nonasymptotic viewpoint},
	author={Bhatia, Kush and Ma, Yi-An and Dragan, Anca D and Bartlett, Peter L and Jordan, Michael I},
	journal={Journal of the American Statistical Association},
	pages={1--12},
	year={2023},
	publisher={Taylor \& Francis}
}

 @misc{Jacobi2022,
	author        = {Jacobi, Liana and Zhu, Dan and Joshi, Mark},
	title         = {Estimating Posterior Sensitivities with Application to Structural Analysis of Bayesian Vector Autoregressions},
	year = 2022,
	journal = {Available at SSRN 3347399},
	url = {https://ssrn.com/abstract=3347399 or http://dx.doi.org/10.2139/ssrn.3347399},
}

@incollection{gustafson2000local,
	title={Local robustness in Bayesian analysis},
	author={Gustafson, Paul},
	booktitle={Robust Bayesian Analysis},
	pages={71--88},
	year={2000},
	publisher={Springer}
}

@article{richardson1997bayesian,
	title={On Bayesian analysis of mixtures with an unknown number of components (with discussion)},
	author={Richardson, Sylvia and Green, Peter J},
	journal={Journal of the Royal Statistical Society: series B (statistical methodology)},
	volume={59},
	number={4},
	pages={731--792},
	year={1997},
	publisher={Wiley Online Library}
}

@article{an2007bayesian,
	title={Bayesian analysis of DSGE models},
	author={An, Sungbae and Schorfheide, Frank},
	journal={Econometric reviews},
	volume={26},
	number={2-4},
	pages={113--172},
	year={2007},
	publisher={Taylor \& Francis}
}

	Year = {2009}}

@article{kim1999has,
	title={Has the US economy become more stable? A Bayesian approach based on a Markov-switching model of the business cycle},
	author={Kim, Chang-Jin and Nelson, Charles R},
	journal={Review of Economics and Statistics},
	volume={81},
	number={4},
	pages={608--616},
	year={1999},
	publisher={MIT Press}
}

@article{jacobi2024posterior,
	title={Posterior Manifolds over Prior Parameter Regions: Beyond Pointwise Sensitivity Assessments for Posterior Statistics from MCMC Inference},
	author={Jacobi, Liana and Kwok, Chun Fung and Ram{\'\i}rez-Hassan, Andr{\'e}s and Nghiem, Nhung},
	journal={Studies in Nonlinear Dynamics \& Econometrics},
	volume={28},
	number={2},
	pages={403--434},
	year={2024},
	publisher={De Gruyter}
}

@article{giordano2022evaluating,
	title={Evaluating sensitivity to the stick-breaking prior in Bayesian nonparametrics},
	author={Giordano, Ryan and Liu, Runjing and Jordan, Michael I and Broderick, Tamara},
	journal={Bayesian Analysis},
	volume={1},
	number={1},
	pages={1--34},
	year={2022},
	publisher={International Society for Bayesian Analysis}
}

@ARTICLE{Barbieri2004,
	AUTHOR       = "M. Barbieri and J. Berger",
	TITLE        = "Optimal predictive model selection",
	JOURNAL      = "The Annals of Statistics",
	YEAR         = "2004",
	VOLUME       = "32",
	NUMBER       = "3",
	PAGES        = "870--897",
	MONTH        = "",
	NOTE         = ""
}

 @ARTICLE{Jetter2015,
	AUTHOR       = "Jetter, M. and Ram\'irez Hassan, A.",
	TITLE        = "Want export diversification? {E}ducate the kids first",
	JOURNAL      = "Economic Inquiry",
	YEAR         = "2015",
	VOLUME       = "53",
	NUMBER       = "4",
	PAGES        = "1765--1782",
	MONTH        = "",
	NOTE         = ""
}

@article{prior1991bayesian,
	title={On Bayesian Analysis of Generalized Linear Models Using Jeffreys's Prior},
	author={Joseph G. Ibrahim and Purushottam W. Laud},
	journal={Journal of the American Statistical Association},
	volume={86},
	number={416},
	pages={981--986},
	year={1991}
}

@article{schwarz1978estimating,
	title={Estimating the dimension of a model},
	author={Schwarz, Gideon},
	journal={The annals of statistics},
	pages={461--464},
	year={1978},
	publisher={JSTOR}
}

@article{burnham2004multimodel,
	title={Multimodel inference: understanding AIC and BIC in model selection},
	author={Burnham, Kenneth P and Anderson, David R},
	journal={Sociological methods \& research},
	volume={33},
	number={2},
	pages={261--304},
	year={2004},
	publisher={Sage Publications Sage CA: Thousand Oaks, CA}
}

@article{claeskens2008model,
	title={Model selection and model averaging},
	author={Claeskens, Gerda and Hjort, Nils Lid},
	journal={Cambridge books},
	year={2008},
	publisher={Cambridge University Press}
}

@article{nelder1972generalized,
	title={Generalized linear models},
	author={Nelder, J.A. and Wedderburn, R.W.M.},
	journal={Journal of the Royal Statistical Society: Series A (General)},
	volume={135},
	number={3},
	pages={370--384},
	year={1972},
	publisher={Wiley Online Library}
}

@article{ramirez2020dynamic,
	title={Dynamic variable selection in dynamic logistic regression: an application to Internet subscription},
	author={Ram{\'\i}rez-Hassan, Andr{\'e}s},
	journal={Empirical Economics},
	volume={59},
	number={2},
	pages={909--932},
	year={2020},
	publisher={Springer}
}

@article{ramirez2021specification,
	title={Specification uncertainty in modeling internet adoption: A developing city case analysis},
	author={Ram{\'\i}rez-Hassan, Andr{\'e}s and Carvajal-Rend{\'o}n, Daniela A.},
	journal={Utilities Policy},
	volume={70},
	pages={101218},
	year={2021},
	publisher={Elsevier}
}

@BOOK{Wooldridge2012,
	AUTHOR       = "Wooldridge, Jeffrey M.",
	TITLE        = "Introductory Econometrics: A Modern Approach",
	PUBLISHER    = "Cengage Learning",
	YEAR         = "2012",
	VOLUME       = "",
	SERIES       = "",
	ADDRESS      = "Mason, Ohio: South-Western",
	EDITION      = "Fifth",
	MONTH        = "",
	NOTE         = ""
}

@article{dickey1971weighted,
	title={The weighted likelihood ratio, linear hypotheses on normal location parameters},
	author={Dickey, James M},
	journal={The Annals of Mathematical Statistics},
	pages={204--223},
	year={1971},
	publisher={JSTOR}
}

@article{verdinelli1995computing,
	title={Computing Bayes factors using a generalization of the Savage-Dickey density ratio},
	author={Verdinelli, Isabella and Wasserman, Larry},
	journal={Journal of the American Statistical Association},
	volume={90},
	number={430},
	pages={614--618},
	year={1995},
	publisher={Taylor \& Francis Group}
}

@article{chib2016bayes,
	title={Bayes factor consistency},
	author={Chib, Siddhartha and Kuffner, Todd A},
	journal={arXiv preprint arXiv:1607.00292},
	year={2016}
}

@article{walker2004modern,
	title={Modern Bayesian asymptotics},
	author={Walker, Stephen G},
	journal={Statistical Science},
	pages={111--117},
	year={2004},
	publisher={JSTOR}
}

@article{walker2004new,
	title     = {New Approaches to Bayesian Consistency},
	author    = {Walker, Stephen G.},
	journal   = {Annals of Statistics},
	volume    = {32},
	number    = {5},
	pages     = {2028--2043},
	year      = {2004},
	publisher = {Institute of Mathematical Statistics},
	doi       = {10.1214/009053604000000409},
	url       = {https://projecteuclid.org/journals/annals-of-statistics/volume-32/issue-5/New-approaches-to-Bayesian-consistency/10.1214/009053604000000409.full},
}

@article{geweke1999using,
	title={Using simulation methods for Bayesian econometric models: inference, development, and communication},
	author={Geweke, John},
	journal={Econometric reviews},
	volume={18},
	number={1},
	pages={1--73},
	year={1999},
	publisher={Taylor \& Francis}
}

@book{chan2019bayesian,
	title={Bayesian econometric methods},
	author={Chan, Joshua and Koop, Gary and Poirier, Dale J and Tobias, Justin L},
	volume={7},
	year={2019},
	publisher={Cambridge University Press}
}

@book{west2006bayesian,
	title={Bayesian forecasting and dynamic models},
	author={West, Mike and Harrison, Jeff},
	year={2006},
	publisher={Springer Science \& Business Media}
}

@book{pole2018applied,
	title={Applied Bayesian forecasting and time series analysis},
	author={Pole, Andy and West, Mike and Harrison, Jeff},
	year={2018},
	publisher={Chapman and Hall/CRC}
}

@article{chib1993bayes,
	title={Bayes regression with autoregressive errors: A Gibbs sampling approach},
	author={Chib, Siddhartha},
	journal={Journal of econometrics},
	volume={58},
	number={3},
	pages={275--294},
	year={1993},
	publisher={Elsevier}
}

@article{chib1994bayes,
	title={Bayes inference in regression models with ARMA (p, q) errors},
	author={Chib, Siddhartha and Greenberg, Edward},
	journal={Journal of Econometrics},
	volume={64},
	number={1-2},
	pages={183--206},
	year={1994},
	publisher={Elsevier}
}

@article{hassan2018effects,
	title={Effects of prior distributions: An application to pipedwater demand},
	author={Hassan, Andr{\'e}s Ram{\'\i}rez and Pericchi, Luis},
	journal={Brazilian Journal of Probability and Statistics},
	volume={32},
	number={1},
	pages={1--19},
	year={2018},
	publisher={JSTOR}
}

@book{shumway2017time,
	title     = {Time Series Analysis and Its Applications: With R Examples},
	author    = {Robert H. Shumway and David S. Stoffer},
	edition   = {4th},
	year      = {2017},
	publisher = {Springer},
	address   = {Cham, Switzerland},
	isbn      = {978-3-319-52452-8},
	doi       = {10.1007/978-3-319-52452-8}
}

@article{johnson2012bayesian,
	title={Bayesian model selection in high-dimensional settings},
	author={Johnson, Valen E and Rossell, David},
	journal={Journal of the American Statistical Association},
	volume={107},
	number={498},
	pages={649--660},
	year={2012},
	publisher={Taylor \& Francis}
}

@article{de1995simulation,
	title={The simulation smoother for time series models},
	author={De Jong, Piet and Shephard, Neil},
	journal={Biometrika},
	volume={82},
	number={2},
	pages={339--350},
	year={1995},
	publisher={Oxford University Press}
}

@article{shephard1994partial,
	title={Partial non-Gaussian state space},
	author={Shephard, Neil},
	journal={Biometrika},
	volume={81},
	number={1},
	pages={115--131},
	year={1994},
	publisher={Oxford University Press}
}

@article{fruhwirth1994data,
	title={Data augmentation and dynamic linear models},
	author={Fr{\"u}hwirth-Schnatter, Sylvia},
	journal={Journal of time series analysis},
	volume={15},
	number={2},
	pages={183--202},
	year={1994},
	publisher={Wiley Online Library}
}

@article{carter1994gibbs,
	title={On Gibbs sampling for state space models},
	author={Carter, Chris K and Kohn, Robert},
	journal={Biometrika},
	volume={81},
	number={3},
	pages={541--553},
	year={1994},
	publisher={Oxford University Press}
}

@book{box_jenkins_1976,
	title     = {Time Series Analysis: Forecasting and Control},
	author    = {Box, George E. P. and Jenkins, Gwilym M.},
	year      = {1976},
	publisher = {Holden-Day},
	address   = {San Francisco},
	edition   = {1st},
}

@book{enders_2014,
	title     = {Applied Econometric Time Series},
	author    = {Enders, Walter},
	year      = {2014},
	edition   = {4th},
	publisher = {Wiley},
	address   = {Hoboken, NJ},
}

@Misc{Stan2024,
	title = {Stan Modeling Language Users Guide and Reference Manual, 2024.},
	author = {{Stan Development Team}},
	year = {2024},
	note = {},
	url = {http://mc-stan.org/},
}

@article{bollerslev_1986,
	author = {Bollerslev, Tim},
	title = {Generalized Autoregressive Conditional Heteroskedasticity},
	journal = {Journal of Econometrics},
	year = {1986},
	volume = {31},
	number = {3},
	pages = {307-327},
	doi = {10.1016/0304-4076(86)90063-1}
}

@article{hosszejni_kastner_2021,
	author = {Hosszejni, Daniel and Kastner, Gregor},
	title = {Modeling Univariate and Multivariate Stochastic Volatility in R with \texttt{stochvol} and \texttt{factorstochvol}},
	journal = {Journal of Statistical Software},
	year = {2021},
	volume = {100},
	number = {12},
	pages = {1--34},
	doi = {10.18637/jss.v100.i12},
	url = {https://doi.org/10.18637/jss.v100.i12}
}

@article{kastner2014ancillarity,
	title={Ancillarity-sufficiency interweaving strategy (ASIS) for boosting MCMC estimation of stochastic volatility models},
	author={Kastner, Gregor and Fr{\"u}hwirth-Schnatter, Sylvia},
	journal={Computational Statistics \& Data Analysis},
	volume={76},
	pages={408--423},
	year={2014},
	publisher={Elsevier}
}

@article{andrieu2010pmcmc,
	title = {Particle Markov chain Monte Carlo methods},
	author = {Andrieu, Christophe and Doucet, Arnaud and Holenstein, Roman},
	journal = {Journal of the Royal Statistical Society: Series B (Statistical Methodology)},
	volume = {72},
	number = {3},
	pages = {269--342},
	year = {2010},
	publisher = {Wiley},
	doi = {10.1111/j.1467-9868.2009.00736.x}
}

@article{dahlin2019getting,
	title={Getting started with particle Metropolis-Hastings for inference in nonlinear dynamical models},
	author={Dahlin, Johan and Sch{\"o}n, Thomas B},
	journal={Journal of Statistical Software},
	volume={88},
	pages={1--41},
	year={2019}
}

@article{raftery2010online,
	title={Online prediction under model uncertainty via dynamic model averaging: Application to a cold rolling mill},
	author={Raftery, Adrian E and K{\'a}rn{\`y}, Miroslav and Ettler, Pavel},
	journal={Technometrics},
	volume={52},
	number={1},
	pages={52--66},
	year={2010},
	publisher={Taylor \& Francis}
}

@article{mccormick2012dynamic,
	title={Dynamic logistic regression and dynamic model averaging for binary classification},
	author={McCormick, Tyler H and Raftery, Adrian E and Madigan, David and Burd, Randall S},
	journal={Biometrics},
	volume={68},
	number={1},
	pages={23--30},
	year={2012},
	publisher={Oxford University Press}
}

@article{ramirez2024testing,
	title={Testing Model Specification in Approximate Bayesian Computation Using Asymptotic Properties},
	author={Ram{\'\i}rez-Hassan, Andr{\'e}s and Frazier, David T.},
	journal={Journal of Computational and Graphical Statistics},
	number={3},
	volume={33},
	pages={1--14},
	year={2024},
	publisher={Taylor \& Francis}
}

@article{sims1980macroeconomics,
	title={Macroeconomics and reality},
	author={Sims, Christopher A},
	journal={Econometrica: journal of the Econometric Society},
	pages={1--48},
	year={1980},
	publisher={JSTOR}
}

@article{2010bayesian,
	title={Bayesian multivariate time series methods for empirical macroeconomics},
	author={Koop, Gary and Korobilis, Dimitris and others},
	journal={Foundations and Trends{\textregistered} in Econometrics},
	volume={3},
	number={4},
	pages={267--358},
	year={2010},
	publisher={Now Publishers, Inc.}
}

@article{wozniak2016bayesian,
	title={Bayesian vector autoregressions},
	author={Wo{\'z}niak, Tomasz},
	journal={Australian Economic Review},
	volume={49},
	number={3},
	pages={365--380},
	year={2016},
	publisher={Wiley Online Library}
}

@incollection{DelNegro2011VAR,
	title={Forecasting with Bayesian VAR models},
	author={Del Negro, Marco and Schorfheide, F.},
	booktitle={The Oxford Handbook of Bayesian Econometrics},
	editor={Geweke, John and Koop, Gary and van Dijk, Herman},
	pages={224--254},
	year={2011},
	publisher={Oxford University Press}
}

@book{helmut2005new,
	title={New introduction to multiple time series analysis},
	author={Helmut, L{\"u}tkepohl},
	year={2005},
	publisher={Springer}
}

@article{doan1984forecasting,
	title={Forecasting and conditional projection using realistic prior distributions},
	author={Doan, Thomas and Litterman, Robert and Sims, Christopher},
	journal={Econometric reviews},
	volume={3},
	number={1},
	pages={1--100},
	year={1984},
	publisher={Taylor \& Francis}
}

@article{litterman1986forecasting,
	title={Forecasting with Bayesian vector autoregressions—five years of experience},
	author={Litterman, Robert B},
	journal={Journal of Business \& Economic Statistics},
	volume={4},
	number={1},
	pages={25--38},
	year={1986},
	publisher={Taylor \& Francis}
}

@article{geweke2004getting,
	title={Getting it right: Joint distribution tests of posterior simulators},
	author={Geweke, John},
	journal={Journal of the American Statistical Association},
	volume={99},
	number={467},
	pages={799--804},
	year={2004},
	publisher={Taylor \& Francis}
}

@book{geweke2011oxford,
	title={The Oxford handbook of Bayesian econometrics},
	author={Geweke, John and Koop, Gary and van Dijk, Herman K},
	year={2011},
	publisher={Oxford University Press, USA}
}

@article{koop2010bayesian,
	title={Bayesian multivariate time series methods for empirical macroeconomics},
	author={Koop, Gary and Korobilis, Dimitris and others},
	journal={Foundations and Trends{\textregistered} in Econometrics},
	volume={3},
	number={4},
	pages={267--358},
	year={2010},
	publisher={Now Publishers, Inc.}
}

@Manual{Tomasz2024,
	title = {bsvars: {B}ayesian Estimation of Structural Vector
	Autoregressive Models},
	author = {Tomasz Wo\'zniak},
	year = {2024},
	note = {R package version 3.1},
	url = {https://CRAN.R-project.org/package=bsvars},
	doi = {10.32614/CRAN.package.bsvars},
}

@Manual{Wang2024,
	title = {bsvarSIGNs: {B}ayesian {SVAR}s with Sign, Zero, and Narrative Restrictions},
	author = {Wang Xiaolei and Tomasz Wo\'zniak},
	year = {2024},
	note = {R package version 1.0.1},
	url = {https://cran.r-project.org/web/packages/bsvarSIGNs/index.html},
	doi = {10.32614/CRAN.package.bsvarSIGNs},
}

@Manual{Krueger2022,
	title = {bvarsv: {B}ayesian Analysis of a Vector Autoregressive Model with Stochastic Volatility and Time-Varying Parameters},
	author = {Fabian Krueger},
	year = {2022},
	note = {R package version 1.1},
	url = {https://cran.r-project.org/web/packages/bvarsv/index.html},
	doi = {10.32614/CRAN.package.bvarsv},
}

@Manual{Kuschnig2024,
	title = {{BVAR}: Hierarchical {B}ayesian Vector Autoregression},
author = {Kuschnig Nikolas and Vashold Lukas and Tomass Nirai and McCracken Michael and Ng Serena},
year = {2022},
note = {R package version 1.0.5},
url = {https://cran.r-project.org/web/packages/BVAR/index.html},
doi = {10.32614/CRAN.package.BVAR},
}

@Manual{Gruber2024,
	title = {bayesian{VAR}s: MCMC Estimation of Bayesian Vectorautoregressions},
	author = {Gruber Luis and Kastner Gregor},
	year = {2024},
	note = {R package version 1.0.5},
	url = {https://cran.r-project.org/web/packages/bayesianVARs/index.html},
	doi = {10.32614/CRAN.package.bayesianVARs},
}

@article{mertens2014reconciliation,
	title={A reconciliation of SVAR and narrative estimates of tax multipliers},
	author={Mertens, Karel and Ravn, Morten O},
	journal={Journal of Monetary Economics},
	volume={68},
	pages={S1--S19},
	year={2014},
	publisher={Elsevier}
}

@book{robert2011monte,
	title={Monte Carlo Statistical Methods},
	author={Robert, Christian P. and Casella, George},
	edition={2nd},
	year={2011},
	publisher={Springer},
	address={New York},
	isbn={978-1-4419-4162-8}
}

@book{robert2010introducing,
	title={Introducing monte carlo methods with r},
	author={Robert, Christian P and Casella, George and Casella, George},
	volume={18},
	year={2010},
	publisher={Springer}
}

@article{carlin1992hierarchical,
	title={Hierarchical Bayesian analysis of changepoint problems},
	author={Carlin, Bradley P and Gelfand, Alan E and Smith, Adrian FM},
	journal={Journal of the royal statistical society: series C (applied statistics)},
	volume={41},
	number={2},
	pages={389--405},
	year={1992},
	publisher={Wiley Online Library}
}

@book{albert2009bayesian,
	title     = {Bayesian Computation with R},
	author    = {Jim Albert},
	year      = {2009},
	edition   = {2nd},
	publisher = {Springer},
	series    = {Use R!},
	address   = {New York, NY},
	doi       = {10.1007/978-0-387-92297-3},
	isbn      = {978-0-387-92296-6},
}

@article{chib1995understanding,
	title={Understanding the metropolis-hastings algorithm},
	author={Chib, Siddhartha and Greenberg, Edward},
	journal={The american statistician},
	volume={49},
	number={4},
	pages={327--335},
	year={1995},
	publisher={Taylor \& Francis}
}

@ARTICLE{Roberts1997,
	AUTHOR       = "G. O. Roberts and A. Gelman and W. R. Gilks",
	TITLE        = "Weak convergence and optimal scaling of random walk {M}etropolis algorithms",
	JOURNAL      = "The Annals of Applied Probability",
	YEAR         = "1997",
	VOLUME       = "7",
	NUMBER       = "1",
	PAGES        = "110--120",
	MONTH        = "",
	NOTE         = ""
}

@article{duane1987hybrid,
	title={Hybrid monte carlo},
	author={Duane, Simon and Kennedy, Anthony D and Pendleton, Brian J and Roweth, Duncan},
	journal={Physics letters B},
	volume={195},
	number={2},
	pages={216--222},
	year={1987},
	publisher={Elsevier}
}

@book{neal1996bayesian,
	title        = {Bayesian Learning for Neural Networks},
	author       = {Radford M. Neal},
	year         = {1996},
	publisher    = {Springer},
	series       = {Lecture Notes in Statistics},
	volume       = {118},
	isbn         = {978-1-4612-0745-0},
	doi          = {10.1007/978-1-4612-0745-0},
	url          = {https://doi.org/10.1007/978-1-4612-0745-0}
}

@incollection{neal2011mcmc,
	author    = {Radford M. Neal},
	title     = {MCMC Using Hamiltonian Dynamics},
	booktitle = {Handbook of Markov Chain Monte Carlo},
	editor    = {Steve Brooks and Andrew Gelman and Galin Jones and Xiao-Li Meng},
	publisher = {Chapman and Hall/CRC},
	year      = {2011},
	chapter   = {5},
	pages     = {113--162},
	isbn      = {9781420088138}
}

@article{thomas2021learning,
	title={Learning hamiltonian monte carlo in r},
	author={Thomas, Samuel and Tu, Wanzhu},
	journal={The American Statistician},
	volume={75},
	number={4},
	pages={403--413},
	year={2021},
	publisher={Taylor \& Francis}
}

@article{kong1994sequential,
	title={Sequential imputations and Bayesian missing data problems},
	author={Kong, Augustine and Liu, Jun S and Wong, Wing Hung},
	journal={Journal of the American statistical association},
	volume={89},
	number={425},
	pages={278--288},
	year={1994},
	publisher={Taylor \& Francis}
}

@article{smith1992bayesian,
	title={Bayesian statistics without tears: a sampling--resampling perspective},
	author={Smith, Adrian FM and Gelfand, Alan E},
	journal={The American Statistician},
	volume={46},
	number={2},
	pages={84--88},
	year={1992},
	publisher={Taylor \& Francis}
}

@incollection{rubin1988sir,
	title={Using the SIR algorithm to simulate posterior distributions},
	author={Rubin, Donald B.},
	booktitle={Bayesian Statistics 3},
	editor={Bernardo, J. M. and DeGroot, M. H. and Lindley, D. V. and Smith, A. F. M.},
	pages={395--402},
	year={1988},
	publisher={Oxford University Press}
}

@article{cappe2007overview,
	title={An overview of existing methods and recent advances in sequential Monte Carlo},
	author={Capp{\'e}, Olivier and Godsill, Simon J and Moulines, Eric},
	journal={Proceedings of the IEEE},
	volume={95},
	number={5},
	pages={899--924},
	year={2007},
	publisher={IEEE}
}

@article{doucet2001introduction,
	title={An introduction to sequential Monte Carlo methods},
	author={Doucet, Arnaud and De Freitas, Nando and Gordon, Neil},
	journal={Sequential Monte Carlo methods in practice},
	pages={3--14},
	year={2001},
	publisher={Springer}
}

@article{handschin1969monte,
	title={Monte Carlo techniques to estimate the conditional expectation in multi-stage non-linear filtering},
	author={Handschin, Johannes Edmund and Mayne, David Q},
	journal={International journal of control},
	volume={9},
	number={5},
	pages={547--559},
	year={1969},
	publisher={Taylor \& Francis}
}

@article{Gordon1993,
	title={Novel approach to nonlinear/non-Gaussian Bayesian state estimation},
	author={Gordon, N. J. and Salmond, D. J. and Smith, A. F.},
	journal={IEE Proceedings F (Radar and Signal Processing)},
	volume={140},
	number={2},
	pages={107--113},
	year={1993},
	publisher={}
}

@article{doucet2009tutorial,
	title={A tutorial on particle filtering and smoothing: Fifteen years later},
	author={Doucet, Arnaud and Johansen, Adam M and others},
	journal={Handbook of nonlinear filtering},
	volume={12},
	number={656-704},
	pages={3},
	year={2009}
}

@article{Liu1995,
	title={Blind deconvolution via sequential imputations},
	author={Liu, J. S. and Chen, R.},
	journal={Journal of the American Statistical Association},
	volume={90},
	number={430},
	pages={567--576},
	year={1995},
	publisher={}
}

@article{Carpenter1999,
	title={Improved particle filter for nonlinear problems},
	author={Carpenter, J. and Clifford, P. and Fearnhead, P.},
	journal={IEE Proceedings-Radar, Sonar and Navigation},
	volume={146},
	number={1},
	pages={2--7},
	year={1999},
	publisher={}
}

@article{Cappe2007,
	title={An overview of existing methods and recent advances in sequential Monte Carlo},
	author={Cappé, O. and Godsill, S. J. and Moulines, E.},
	journal={Proceedings of the IEEE},
	volume={95},
	number={5},
	pages={899--924},
	year={2007},
	publisher={}
}

@incollection{Doucet2001,
	author      = "Doucet, A. and De Freitas, N. and Gordon, N.",
	title       = "An introduction to sequential Monte Carlo methods",
	editor      = " ",
	booktitle   = "Sequential Monte Carlo methods in practice",
	publisher   = "Springer New York",
	address     = "New York",
	year        = 2001,
	pages       = "3--14",
	chapter     = 1,
}

@article{Kantas2009,
	title={An overview of sequential Monte Carlo methods for parameter estimation in general state--space models},
	author={Kantas, N. and Doucet, A. and Singh, S. S. and Maciejowski, J. M.},
	journal={IFAC Proceedings Volumes},
	volume={42},
	number={10},
	pages={774--785},
	year={2009},
	publisher={}
}

@article{Andrieu2010,
	title={Particle markov chain monte carlo methods},
	author={Andrieu, C. and Doucet, A. and Holenstein, R.},
	journal={Journal of the Royal Statistical Society: Series B (Statistical Methodology)},
	volume={72},
	number={3},
	pages={269--342},
	year={2010},
	publisher={}
}

@article{kantas2015particle,
	title={On particle methods for parameter estimation in state-space models},
	author={Kantas, Nikolas and Doucet, Arnaud and Singh, Sumeetpal S and Maciejowski, Jan and Chopin, Nicolas and others},
	journal={Statistical science},
	volume={30},
	number={3},
	pages={328--351},
	year={2015},
	publisher={Institute of Mathematical Statistics}
}

@article{Gelman1992,
	author    = {Gelman, Andrew and Rubin, Donald B.},
	title     = {Inference from Iterative Simulation Using Multiple Sequences},
	journal   = {Statistical Science},
	year      = {1992},
	volume    = {7},
	number    = {4},
	pages     = {457--472},
	doi       = {10.1214/ss/1177011136},
}

@article{geyer1992practical,
	title={Practical markov chain monte carlo},
	author={Geyer, Charles J},
	journal={Statistical science},
	pages={473--483},
	year={1992},
	publisher={JSTOR}
}

@book{fruhwirth2006finite,
	title={Finite mixture and Markov switching models},
	author={Fr{\"u}hwirth-Schnatter, Sylvia},
	year={2006},
	publisher={Springer}
}

@article{carpenter2017stan,
	title={Stan: A probabilistic programming language},
	author={Carpenter, Bob and Gelman, Andrew and Hoffman, Matthew D and Lee, Daniel and Goodrich, Ben and Betancourt, Michael and Brubaker, Marcus and Guo, Jiqiang and Li, Peter and Riddell, Allen},
	journal={Journal of statistical software},
	volume={76},
	pages={1--32},
	year={2017}
}