@Manual{Chang2018,
	title = {Web Application Framework for R: Package shiny},
	author = {W. Chang},
	organization = {R Studio},
	year = {2018},
	url = {http://shiny.rstudio.com/}
}

@Manual{R2021,
	title = {R: A Language and Environment for Statistical Computing},
	author = {{R Core Team}},
	organization = {R Foundation for Statistical Computing},
	address = {Vienna, Austria},
	year = {2021},
	url = {http://www.R-project.org/}
}

@techreport{Ramirez2020,
	title={A GUIded tour of {B}ayesian regression},
	author={Ramírez-Hassan, A. and Graciano-Londoño, M.},
	year={2020},
	institution={Universidad EAFIT}
}

@book{rossi2012bayesian,
	title={Bayesian statistics and marketing},
	author={Rossi, Peter E and Allenby, Greg M and McCulloch, Rob},
	year={2012},
	publisher={John Wiley \& Sons}
}

@book{greenberg2012introduction,
	title={Introduction to Bayesian econometrics},
	author={Greenberg, Edward},
	year={2012},
	publisher={Cambridge University Press}
}

@book{koop2003bayesian,
	title={Bayesian econometrics},
	author={Koop, Gary M},
	year={2003},
	publisher={John Wiley \& Sons Inc.}
}

\@BOOK{Fisher1958,
	AUTHOR      = "R. Fisher",
	TITLE       = "Statistical Methods for Research Workers",
	PUBLISHER   = "Hafner",
	VOLUME      = "",
	NUMBER      = "",
	SERIES      = "",
	ADDRESS      = "New York",
	EDITION      = "13th",
	YEAR        = "1958",
	MONTH       = "",
	NOTE        = "",
}

\@ARTICLE{Neyman1933,
	AUTHOR      = "J. Neyman and E. Pearson",
	TITLE       = "On the problem of the most efficient tests of statistical
	hypotheses",
	JOURNAL     = "Philosophical Transactions of the Royal Society, Series A",
	VOLUME      = "231",
	NUMBER      = "",
	PAGES       = "289--337",
	YEAR        = "1933",
	MONTH       = "",
	NOTE        = "",
}

\@ARTICLE{Goodman1999,
	AUTHOR      = "Goodman, S. N.",
	TITLE       = "Toward evidence-based medical statistics. 1: The {P} value fallacy",
	JOURNAL     = "Annals of internal medicine",
	VOLUME      = "130",
	NUMBER      = "12",
	PAGES       = "995--1004",
	YEAR        = "1999",
	MONTH       = "",
	NOTE        = "",
}

@Article{Wasserstein2016, 
	Title = {The {ASA}'s statement on p--values: context, process and purpose},
	Author = {Ronald L. Wasserstein and Nicole A. Lazar},
	Year = {2016},
	Journal = {The American Statistician}
}

\@ARTICLE{Raftery1995,
	AUTHOR      = "A. Raftery",
	TITLE       = "Bayesian Model Selection in Social Research",
	JOURNAL     = "Sociological Methodology",
	VOLUME      = "25",
	NUMBER      = "",
	PAGES       = "111--163",
	YEAR        = "1995",
	MONTH       = "",
	NOTE        = "",
}

\@ARTICLE{Good1992,
	AUTHOR      = "Good, I. J.",
	TITLE       = "The Bayes/Non Bayes compromise: A brief review",
	JOURNAL     = "Journal of the American Statistical Association",
	VOLUME      = "87",
	NUMBER      = "419",
	PAGES       = "597--606",
	YEAR        = "1992",
	MONTH       = "September",
	NOTE        = "",
}

\@ARTICLE{Bayarri2004,
	AUTHOR      = "M. J. Bayarri and J. Berger",
	TITLE       = "The Interplay of Bayesian and Frequentist Analysis",
	JOURNAL     = "Statistical Science",
	VOLUME      = "19",
	NUMBER      = "1",
	PAGES       = "58--80",
	YEAR        = "2004",
	MONTH       = "",
	NOTE        = "",
}

\@ARTICLE{Kass2011,
	AUTHOR      = "R. Kass",
	TITLE       = "Statistical inference: the big picture",
	JOURNAL     = "Statistical science",
	VOLUME      = "26",
	NUMBER      = "1",
	PAGES       = "1--9",
	YEAR        = "2011",
	MONTH       = "",
	NOTE        = "",
}

@book{lancaster2004introduction,
	title={An introduction to modern Bayesian econometrics},
	author={Lancaster, Tony},
	year={2004},
	publisher={Blackwell Oxford}
}

@book{geweke2005contemporary,
	title={Contemporary Bayesian econometrics and statistics},
	author={Geweke, John},
	volume={537},
	year={2005},
	publisher={John Wiley \& Sons}
}

@incollection{Ramsey1926,
	author      = "F. Ramsey",
	title       = "Truth and Probability",
	editor      = "Routledge and Kegan Paul",
	booktitle   = "The Foundations of Mathematics and other Logical Essays",
	publisher   = "New York: Harcourt, Brace and Company",
	address     = "London",
	year        = "1926",
	note		  = "Ch. VII, p.156--198"
}

@incollection{deFinetti1937,
	author      = "de Finetti",
	title       = "Foresight: its logical laws, its subjective sources",
	editor      = "H. E. Kyburg and H. E. Smokler",
	booktitle   = "Studies in Subjective Probability",
	publisher   = "Krieger",
	address     = "New York",
	year        = "1937",
	note				= "p.55--118"
}

\@BOOK{savage1954,
	AUTHOR      = "Savage, L. J.",
	TITLE       = "The foundations of statistics",
	PUBLISHER   = "John Wiley \& Sons, Inc.",
	VOLUME      = "",
	NUMBER      = "",
	SERIES      = "",
	ADDRESS      = "New York",
	EDITION      = "",
	YEAR        = "1954",
	MONTH       = "",
	NOTE        = "",
}

\@ARTICLE{Lindley2000,
	AUTHOR      = "Lindley, D. V.",
	TITLE       = "The philosophy of statistics",
	JOURNAL     = "The Statistician",
	VOLUME      = "49",
	NUMBER      = "3",
	PAGES       = "293--337",
	YEAR        = "2000",
	MONTH       = "",
	NOTE        = "",
}

\@ARTICLE{Bayes1763,
	AUTHOR      = "Bayes, T.",
	TITLE       = "An essay towards solving a problem in the doctrine of chances",
	JOURNAL     = "Philosophical Transactions of the Royal Society of London",
	VOLUME      = "53",
	NUMBER      = "",
	PAGES       = "370--416",
	YEAR        = "1763",
	MONTH       = "",
	NOTE        = "",
}

\@BOOK{Laplace1812,
	AUTHOR      = "Laplace, P.",
	TITLE       = "Th\'{e}orie Analytique des Probabilit\'{e}s",
	PUBLISHER   = "Courcier",
	VOLUME      = "",
	NUMBER      = "",
	SERIES      = "",
	ADDRESS      = "",
	EDITION      = "",
	YEAR        = "1812",
	MONTH       = "",
	NOTE        = "",
}

\@ARTICLE{Berger2006,
	AUTHOR      = "Berger, J.",
	TITLE       = "The Case for Objective Bayesian Analysis",
	JOURNAL     = "Bayesian Analysis",
	VOLUME      = "1",
	NUMBER      = "3",
	PAGES       = "385--402",
	YEAR        = "2006",
	MONTH       = "",
	NOTE        = "",
}

\@BOOK{Jeffreys1961,
	AUTHOR      = "Jeffreys, H.",
	TITLE       = "Theory of Probability",
	PUBLISHER   = "Oxford University Press",
	VOLUME      = "",
	NUMBER      = "",
	SERIES      = "",
	ADDRESS      = "London",
	EDITION      = "",
	YEAR        = "1961",
	MONTH       = "",
	NOTE        = "",
}

@article{Box1976,
	title={Science and Statistics},
	author={Box, G. E. P.},
	journal={Journal of the {A}merican {S}tatistical {A}ssociation},
	volume={71},
	number={},
	pages={791--799},
	year={1976},
	publisher={}
}

@incollection{box1979robustness,
	title={Robustness in the strategy of scientific model building},
	author={Box, George EP},
	booktitle={Robustness in statistics},
	pages={201--236},
	year={1979},
	publisher={Elsevier}
}
@incollection{Gelman1996,
	author      = "A. Gelman and X. Meng",
	title       = "Model checking and model improvement",
	editor      = "Gilks and Richardson and Speigelhalter",
	booktitle   = "In Markov chain Monte Carlo in practice",
	publisher   = "Springer US",
	address     = "",
	year        = "1996",
	note				= "Chapter 6, pp. 157--196"
}

@article{gelman1996posterior,
	title={Posterior predictive assessment of model fitness via realized discrepancies},
	author={A. Gelman and X. Meng and H. Stern},
	journal={Statistica sinica},
	pages={733--760},
	year={1996},
	publisher={JSTOR}
}

\@ARTICLE{Bayarri2000,
	AUTHOR      = "M. Bayarri and J. Berger",
	TITLE       = "P--values for composite null models",
	JOURNAL     = "Journal of American Statistical Association",
	VOLUME      = "95",
	NUMBER      = "",
	PAGES       = "1127--1142",
	YEAR        = "2000",
	MONTH       = "",
	NOTE        = "",
}

\@ARTICLE{Kass1995,
	AUTHOR      = "Robert E. Kass and Adrian E. Raftery",
	TITLE       = "Bayes factorss",
	JOURNAL     = "Journal of American Statistical Association",
	VOLUME      = "90",
	NUMBER      = "430",
	PAGES       = "773--795",
	YEAR        = "1995",
	MONTH       = "",
	NOTE        = "",
}

\@ARTICLE{Jeffreys1935,
	AUTHOR      = "H. Jeffreys",
	TITLE       = "Some test of significance, treated by the theory of probability",
	JOURNAL     = "Proccedings of the Cambridge philosophy society",
	VOLUME      = "31",
	NUMBER      = "",
	PAGES       = "203--222",
	YEAR        = "1935",
	MONTH       = "",
	NOTE        = "",
}

\@BOOK{berger93,
	AUTHOR      = "J. Berger",
	TITLE       = "Statistical Decision Theory and Bayesian Analysis",
	PUBLISHER   = "Springer",
	VOLUME      = "",
	NUMBER      = "",
	SERIES      = "",
	ADDRESS      = "",
	EDITION      = "Third Edition",
	YEAR        = "1993",
	MONTH       = "",
	NOTE        = "",
}

\@ARTICLE{Ziliak2008,
	AUTHOR      = "S. Ziliak",
	TITLE       = "Guinnessometrics; The {E}conomic {F}oundation of Student's t",
	JOURNAL     = "Journal of Economic Perspectives",
	VOLUME      = "22",
	NUMBER      = "4",
	PAGES       = "199--216",
	YEAR        = "2008",
	MONTH       = "",
	NOTE        = "",
}

@book{daniel2017thinking,
	title={Thinking, fast and slow},
	author={Kahneman, Daniel},
	year={2011},
	publisher={Macmillan}
}

\@ARTICLE{Lindley76,
	AUTHOR      = "Lindley, D. V. and Phillips, L. D.",
	TITLE       = "Inference for a {B}ernoulli process (a {B}ayesian view)",
	JOURNAL     = "American Statistician",
	VOLUME      = "30",
	NUMBER      = "",
	PAGES       = "112--119",
	YEAR        = "1976",
	MONTH       = "",
	NOTE        = "",
}

\@BOOK{DeGroot1975,
	AUTHOR      = "DeGroot, M. H.",
	TITLE       = "Probability and statistics",
	PUBLISHER   = "Addison-Wesley Publishing Co.",
	VOLUME      = "",
	NUMBER      = "",
	SERIES      = "",
	ADDRESS      = "London",
	EDITION      = "",
	YEAR        = "1975",
	MONTH       = "",
	NOTE        = "",
}

@Article{Pericchip, 
	Title = {{Adaptative significance levels using optimal decision rules:
	Balancing by weighting the error probabilities}},
	Author = {Luis Pericchi and Carlos Pereira},
	Year = {2015},
	Journal = {Brazilian Journal of Probability and Statistics}
}

\@BOOK{Parmigiani2008,
	AUTHOR      = "G. Parmigiani and L. Inoue",
	TITLE       = "Decision theory principles and approaches",
	PUBLISHER   = "John Wiley \& Sons",
	VOLUME      = "",
	NUMBER      = "",
	SERIES      = "",
	ADDRESS      = "",
	EDITION      = "",
	YEAR        = "2008",
	MONTH       = "",
	NOTE        = "",
}

@techreport{Gelman2013,
	title={Why ask why? Forward causal inference and reverse causal questions},
	author={Gelman, Andrew and Imbens, Guido},
	year={2013},
	institution={National Bureau of Economic Research}
}

@article{bayes1763lii,
	title={{LII}. An essay towards solving a problem in the doctrine of chances. By the late Rev. Mr. Bayes, {FRS} communicated by {M}r. {P}rice, in a letter to {J}ohn {C}anton, {AMFR S}},
	author={Bayes, Thomas},
	journal={Philosophical transactions of the Royal Society of London},
	volume={53},
	pages={370--418},
	year={1763},
	publisher={The Royal Society London}
}

@article{laplace1774memoire,
	title={M{\'e}moire sur la probabilit{\'e} de causes par les {\'e}venements},
	author={Laplace, Pierre Simon},
	journal={M{\'e}moire de l'acad{\'e}mie royale des sciences},
	year={1774}
}

@article{stigler2018richard,
	title={Richard Price, the first Bayesian},
	author={Stigler, Stephen},
	journal={Statistical Science},
	volume={33},
	number={1},
	pages={117--125},
	year={2018},
	publisher={Institute of Mathematical Statistics}
}

@article{selvin1975problem,
	title={A problem in probability (letter to the editor)},
	author={Selvin, Steve},
	journal={The American Statistician},
	volume={11},
	number={1},
	pages={67--71},
	year={1975}
}

@article{selvin1975bproblem,
	title={A problem in probability (letter to the editor)},
	author={Selvin, Steve},
	journal={The American Statistician},
	volume={11},
	number={3},
	pages={131--134},
	year={1975}
}


\@ARTICLE{Dawid2016,
	AUTHOR      = "Dawid, A. P. and Musio, M. and Fienberg, S. E.",
	TITLE       = "From statistical evidence to evidence of causality",
	JOURNAL     = "Bayesian Analysis",
	VOLUME      = "11",
	NUMBER      = "3",
	PAGES       = "725--752",
	YEAR        = "2016",
	MONTH       = "",
	NOTE        = "",
}

\@BOOK{Bernardo1994,
	AUTHOR      = "Bernardo, J. and Smith, A.",
	TITLE       = "Bayesian Theory",
	PUBLISHER   = "Wiley",
	VOLUME      = "",
	NUMBER      = "",
	SERIES      = "",
	ADDRESS      = "Chichester",
	EDITION      = "",
	YEAR        = "1994",
	MONTH       = "",
	NOTE        = "",
}

@incollection{petris2009dynamic,
	title={Dynamic linear models},
	author={Petris, Giovanni and Petrone, Sonia and Campagnoli, Patrizia},
	booktitle={Dynamic Linear Models with R},
	pages={31--84},
	year={2009},
	publisher={Springer}
}

@article{gelman2006prior,
	title={Prior distributions for variance parameters in hierarchical models (comment on article by Browne and Draper)},
	author={Gelman, Andrew and others},
	journal={Bayesian analysis},
	volume={1},
	number={3},
	pages={515--534},
	year={2006},
	publisher={International Society for Bayesian Analysis}
}

@article{bickel1969some,
	title={Some contributions to the asymptotic theory of Bayes solutions},
	author={Bickel, Peter J and Yahav, Joseph A},
	journal={Zeitschrift f{\"u}r Wahrscheinlichkeitstheorie und verwandte Gebiete},
	volume={11},
	number={4},
	pages={257--276},
	year={1969},
	publisher={Springer}
}

\@BOOK{Lehmann2003,
	AUTHOR      = "E.L. Lehmann and George Casella",
	TITLE       = "Theory of Point Estimation",
	PUBLISHER   = "Springer",
	VOLUME      = "",
	NUMBER      = "",
	SERIES      = "",
	ADDRESS      = "",
	EDITION      = "Second Edition",
	YEAR        = "2003",
	MONTH       = "",
	NOTE        = "",
}

@article{conley2008semi,
	title={A semi-parametric Bayesian approach to the instrumental variable problem},
	author={Conley, Timothy G and Hansen, Christian B and McCulloch, Robert E and Rossi, Peter E},
	journal={Journal of Econometrics},
	volume={144},
	number={1},
	pages={276--305},
	year={2008},
	publisher={Elsevier}
}

@article{neyman1933ix,
	title={IX. On the problem of the most efficient tests of statistical hypotheses},
	author={Neyman, Jerzy and Pearson, Egon Sharpe},
	journal={Philosophical Transactions of the Royal Society of London. Series A, Containing Papers of a Mathematical or Physical Character},
	volume={231},
	number={694-706},
	pages={289--337},
	year={1933},
	publisher={The Royal Society London}
}

@book{berger2013statistical,
	title={Statistical decision theory and Bayesian analysis},
	author={Berger, James O},
	year={2013},
	publisher={Springer Science \& Business Media}
}

\@ARTICLE{Chernozhukov2003,
	AUTHOR      = "V. Chernozhukov and H. Hong",
	TITLE       = "An {MCMC} approach to classical estimation",
	JOURNAL     = "Journal of Econometrics",
	VOLUME      = "115",
	NUMBER      = "",
	PAGES       = "293--346",
	YEAR        = "2003",
	MONTH       = "",
	NOTE        = "",
}

@Article{Gneiting2007,
	author =       "Gneiting, T. and Raftery, A.",
	title =        "Strictly Proper Scoring Rules, Prediction,	and Estimation",
	journal =      "Journal of the American Statistical Association",
	year =         "2007",
	volume =       "102",
	number =       "477",
	pages =        "359-378",
	month =        "",
	note =         "",
}

@Article{Diks2011,
	author =       "C. Diks and V. Panchenko and D. van Dijk",
	title =        "Likelihood-Based Scoring Rules for Comparing Density Forecasts in Tails",
	journal =      "Journal of Econometrics",
	year =         "2011",
	volume =       "163",
	number =       "",
	pages =        "215-230",
	month =        "",
	note =         "",
}

@ARTICLE{metropolis53,
	AUTHOR       = "N. Metropolis and A. Rosenbluth and M. Rosenbluth and A. Teller and E. Teller",
	TITLE        = "Equations of state calculations by fast computing machines",
	JOURNAL      = "J. Chem. Phys",
	YEAR         = "1953",
	VOLUME       = "21",
	NUMBER       = "",
	PAGES        = "1087-1092",
	MONTH        = "",
	NOTE         = ""
}

@ARTICLE{hastings70,
	AUTHOR       = "W. Hastings",
	TITLE        = "Monte {C}arlo sampling methods using {M}arkov chains and their application",
	JOURNAL      = "Biometrika",
	YEAR         = "1970",
	VOLUME       = "57",
	NUMBER       = "",
	PAGES        = "97-109",
	MONTH        = "",
	NOTE         = ""
}

@article{Gelfand1990,
	title={Sampling-Based Approaches to Calculating Marginal Densities},
	author={A. E. Gelfand and A. F. M. Smith},
	journal={Journal of the American Statistical Association},
	pages={398--409},
	volume={85},
	number={},
	year={1990}
}

@ARTICLE{Geman1984,
	AUTHOR       = "Geman, S and Geman, D.",
	TITLE        = "Stochastic relaxation, {G}ibbs distributions and the {B}ayesian restoration of images",
	JOURNAL      = "IEEE Transactions on Pattern Analysis and Machine Intelligence",
	YEAR         = "1984",
	VOLUME       = "6",
	NUMBER       = "",
	PAGES        = "721--741",
	MONTH        = "",
	NOTE         = ""
}

@article{tierney1994markov,
	title={Markov chains for exploring posterior distributions},
	author={Tierney, Luke},
	journal={The Annals of Statistics},
	pages={1701--1728},
	year={1994},
	publisher={JSTOR}
}

@article{chib1995marginal,
	title={Marginal likelihood from the Gibbs output},
	author={Chib, Siddhartha},
	journal={Journal of the american statistical association},
	volume={90},
	number={432},
	pages={1313--1321},
	year={1995},
	publisher={Taylor \& Francis Group}
}

@article{chib2001marginal,
	title={Marginal likelihood from the Metropolis--Hastings output},
	author={Chib, Siddhartha and Jeliazkov, Ivan},
	journal={Journal of the American Statistical Association},
	volume={96},
	number={453},
	pages={270--281},
	year={2001},
	publisher={Taylor \& Francis}
}

@article{gelfand1994bayesian,
	title={Bayesian model choice: asymptotics and exact calculations},
	author={Gelfand, Alan E and Dey, Dipak K},
	journal={Journal of the Royal Statistical Society: Series B (Methodological)},
	volume={56},
	number={3},
	pages={501--514},
	year={1994},
	publisher={Wiley Online Library}
}

@article{Tierney1986,
	title={Accurate approximations for posterior moments and marginal densities},
	author={Tierney, Luke and Kadane, Joseph B},
	journal={Journal of the American Statistical Association},
	volume={81},
	number={393},
	pages={82--86},
	year={1986},
	publisher={Taylor \& Francis Group}
}

@article{Jordan1999,
	title={Introduction to variational
	methods for graphical models},
	author={Jordan, M. I. and Ghahramani, Z. and Jaakkola, T. and Saul, L.},
	journal={Machine Learning},
	volume={37},
	number={},
	pages={183–233},
	year={1999}
}

@Article{Madigan1994, 
	Title = {{Model selection and accounting for model uncertainty in graphical models using {O}ccam's window}},
	Author = {D. Madigan and A. E. Raftery},
	Year = {1994},
	Journal = {Journal of the American Statistical Association},
	Volume = {89},
	Number = {428},
	Pages = {1535-1546}
}

@book{schlaifer1961applied,
	title={Applied statistical decision theory},
	author={Schlaifer, Robert and Raiffa, Howard},
	year={1961},
	publisher={Wiley New York}
}

@article{diaconis1979conjugate,
	title={Conjugate priors for exponential families},
	author={Diaconis, Persi and Ylvisaker, Donald},
	journal={The Annals of statistics},
	volume={7},
	number={2},
	pages={269--281},
	year={1979},
	publisher={Institute of Mathematical Statistics}
}

@book{zellner1996introduction,
	author = {Zellner, A.},
	year = {1996},
	title = {Introduction to Bayesian inference in econometrics},
	publisher = {John Wiley \& Sons Inc.}
}

@article{Smith1973,
	title = {{A General Bayesian Linear Model}},
	author = {Smith, A. F. M.},
	journal = {Journal of the Royal Statistical Society. Series B (Methodological).},
	volume = {35},
	number = {1},
	pages = {67--75},
	year = {1973},
	publisher = {John Wiley \& Sons},
}

@ARTICLE{Serna2018,
	AUTHOR       = "Serna Rodr\'iguez, M. and Ram\'irez Hassan, A. and Coad, A.",
	TITLE        = "Uncovering value drivers of high performance soccer players",
	JOURNAL      = "Journal of Sport Economics",
	YEAR         = "2019",
	VOLUME       = "20",
	NUMBER       = "6",
	PAGES        = "819--849",
	MONTH        = "",
	NOTE         = ""
}

@book{efron2016computer,
	title={Computer age statistical inference},
	author={Efron, Bradley and Hastie, Trevor},
	volume={5},
	year={2016},
	publisher={Cambridge University Press}
}

@inbook{Geweke1992,
	author	= "Geweke, J.",
	title	= "Bayesian Statistics",
	chapter	= "Evaluating the accuracy of sampling-based approaches to calculating posterior moments",
	pages	= "",
	publisher= "Clarendon Press, Oxford, UK.",
	year	= "1992"
}

@ARTICLE{Raftery1992,
	AUTHOR       = "Raftery, A.E. and Lewis, S.M.",
	TITLE        = "One Long Run with Diagnostics: Implementation Strategies for {M}arkov chain {M}onte {C}arlo",
	JOURNAL      = "Statistical Science",
	YEAR         = "1992",
	VOLUME       = "7",
	NUMBER       = "",
	PAGES        = "493--497",
	MONTH        = "",
	NOTE         = ""
}

@ARTICLE{Heidelberger1983,
	AUTHOR       = "Heidelberger, P. and Welch, P. D.",
	TITLE        = "Simulation run length control in the presence of an initial transient",
	JOURNAL      = "Operations Research",
	YEAR         = "1983",
	VOLUME       = "31",
	NUMBER       = "6",
	PAGES        = "1109--1144",
	MONTH        = "",
	NOTE         = ""
}

@Manual{Martin2018,
	title={Package MCMCpack},
	author={Andrew D. Martin and Kevin M. Quinn and Jong Hee Park},
	year={2018}
}

@Article{Martin2011, 
	Title = {{MCMCpack}: Markov chain {M}onte {C}arlo in {R}},
	Author = {Andrew D. Martin and Kevin M. Quinn and Jong Hee Park},
	Year = {2011},
	Journal = {Journal of Statistical Software},
	Volume = {42},
	Number = {9},
	Pages = {1-21}
}

@article{albert1993bayesian,
	title={Bayesian analysis of binary and polychotomous response data},
	author={Albert, James H and Chib, Siddhartha},
	journal={Journal of the American statistical Association},
	volume={88},
	number={422},
	pages={669--679},
	year={1993},
	publisher={Taylor \& Francis}
}

@Article{Tanner1987, 
	Title = {The Calculation of Posterior Distributions by Data Augmentation},
	Author = {M. A. Tanner and W. H. Wong},
	Year = {1987},
	Journal = {Journal of the American Statistical Association},
	Volume = {82},
	Number = {398},
	Pages = {528-540}
}

@ARTICLE{Ramirez2013,
	AUTHOR       = "Ram\'irez Hassan, A. and Cardona Jim\'enez, J. and Cadavid Montoya, R.",
	TITLE        = "The impact of subsidized health insurance on the poor in {C}olombia: Evaluating the case of {M}edell\'in",
	JOURNAL      = "Economia Aplicada",
	YEAR         = "2013",
	VOLUME       = "17",
	NUMBER       = "4",
	PAGES        = "543--556",
	MONTH        = "",
	NOTE         = ""
}

@article{sellke2001calibration,
	title={Calibration of p values for testing precise null hypotheses},
	author={Sellke, Thomas and Bayarri, MJ and Berger, James O},
	journal={The American Statistician},
	volume={55},
	number={1},
	pages={62--71},
	year={2001},
	publisher={Taylor \& Francis}
}

@article{benjamin2018redefine,
	title={Redefine statistical significance},
	author={Benjamin, Daniel J and Berger, James O and Johannesson, Magnus and Nosek, Brian A and Wagenmakers, E-J and Berk, Richard and Bollen, Kenneth A and Brembs, Bj{\"o}rn and Brown, Lawrence and Camerer, Colin and others},
	journal={Nature human behaviour},
	volume={2},
	number={1},
	pages={6--10},
	year={2018},
	publisher={Nature Publishing Group}
}

@ARTICLE{Clyde2004,
	AUTHOR       = "M. Clyde and E. George",
	TITLE        = "Model Uncertatinty",
	JOURNAL      = "Statistical Science",
	YEAR         = "2004",
	VOLUME       = "19",
	NUMBER       = "1",
	PAGES        = "81--94",
	MONTH        = "",
	NOTE         = ""
}

@article{lindley1957statistical,
	title={A statistical paradox},
	author={Lindley, Dennis V},
	journal={Biometrika},
	volume={44},
	number={1/2},
	pages={187--192},
	year={1957},
	publisher={JSTOR}
}

@book{mcgrayne2011theory,
	title={The Theory That Would Not Die: How Bayes' Rule Cracked the Enigma Code, Hunted Down Russian Submarines, \& Emerged Triumphant from Two Centuries of C},
	author={McGrayne, Sharon Bertsch},
	year={2011},
	publisher={Yale University Press}
}

@book{gelman2021bayesian,
	title={Bayesian data analysis},
	author={Gelman, Andrew and Carlin, John B and Stern, Hal S and Dunson, David and Vehtari, Aki and Rubin, Donald B},
	year={2021},
	publisher={Chapman and Hall/CRC}
}

@Article{Albert1993, 
	Title = {Bayesian Analysis of Binary and Polychotomous Response Data},
	Author = {J. H. Albert and S. Chib},
	Year = {1993},
	Journal = {Journal of the American Statistical Association},
	Volume = {88},
	Number = {422},
	Pages = {669-679}
}

@ARTICLE{McCulloch1994,
	AUTHOR       = "R. McCulloch and P. Rossi",
	TITLE        = "An exact likelihood analysis of the multinomial probit model",
	JOURNAL      = "Journal of Econometrics",
	YEAR         = "1994",
	VOLUME       = "64",
	NUMBER       = "",
	PAGES        = "207--240",
	MONTH        = "",
	NOTE         = ""
}

@BOOK{cameron05,
	AUTHOR       = "Colin Cameron and Pravin Trivedi",
	TITLE        = "Microeconometrics: Methods and Applications",
	PUBLISHER    = "Cambridge",
	YEAR         = "2005",
	VOLUME       = "",
	SERIES       = "",
	ADDRESS      = "",
	EDITION      = "",
	MONTH        = "",
	NOTE         = ""
}

@Manual{Rossi2017,
	title={Package bayesm},
	author={P. Rossi},
	year={2017},
	url = {https://CRAN.R-project.org/package=bayesm}
}

@Manual{Baath2018,
	title={Package bayesboot},
	author={R. Baath},
	year={2018},
	url = {https://CRAN.R-project.org/package=bayesboot}
}

@Manual{Raftery2012,
	title={Package {BMA}},
	author={Adrian Raftery and Jennifer Hoeting and Chris Volinsky and	Ian Painter and Ka Yee Yeung},
	year={2012},
	url = {https://CRAN.R-project.org/package=BMA}
}

@Manual{Lenkoski2013,
	title={Package {ivbma}},
	author={Alex Lenkoski and Anna Karl and Andreas Neudecker},
	year={2013},
	url = {https://CRAN.R-project.org/package=ivbma}
}

@Manual{Plummer2016,
	title={Output Analysis and Diagnostics for MCMC},
	author={Martyn Plummer and Nicky Best and Kate Cowles and Karen Vines and Deepayan Sarkar and Douglas Bates and Russell Almond and Arni Magnusson},
	year={2016},
	url = {https://CRAN.R-project.org/package=coda}
}

@article{Furnival1974,
	title={Regressions by Leaps and Bounds},
	author={George M. Furnival and Robert W. Wilson},
	journal={Technometrics},
	pages={ 499--511},
	volume={16},
	number={4},
	year={1974}
}

@ARTICLE{Woodward2005,
	AUTHOR       = "P. Woodward",
	TITLE        = "Bugs{XLA}: Bayes for the common man",
	JOURNAL      = "Journal of Statistical Software",
	YEAR         = "2005",
	VOLUME       = "14",
	NUMBER       = "5",
	PAGES        = "1--18",
	MONTH        = "",
	NOTE         = ""
}

@ARTICLE{Karabatsos2016,
	AUTHOR       = "Karabatsos, G.",
	TITLE        = " A Menu-Driven Software Package of {B}ayesian Nonparametric (and Parametric) Mixed Models for Regression Analysis and Density Estimation",
	JOURNAL      = "Behavior Research Methods",
	YEAR         = "2016",
	VOLUME       = "49",
	NUMBER       = "",
	PAGES        = "335--362",
	MONTH        = "",
	NOTE         = ""
}

@Misc{shinystan2017,
	title = {shinystan: Interactive Visual and Numerical Diagnostics
	and Posterior Analysis for {B}ayesian Models.},
	author = {{Stan Development Team}},
	year = {2017},
	note = {R package version 2.3.0},
	url = {http://mc-stan.org/},
}
@Article{Chib1992, 
	Title = {Bayes inference in the {T}obit censored regression model},
	Author = {S. Chib},
	Year = {1992},
	Journal = {Journal of Econometrics},
	Volume = {51},
	Number = {},
	Pages = {79-99}
}

@Article{Kozumi2011, 
	Title = {Gibbs sampling methods for {B}ayesian quantile regression},
	Author = {Hideo Kozumi and Genya Kobayashi},
	Year = {2011},
	Journal = {Journal of Statistical Computation and Simulation},
	Volume = {81},
	Number = {11},
	Pages = {1565–-1578}
}

@Article{Rubin1981, 
	Title = {The {B}ayesian Bootstrap},
	Author = {Donnald B. Rubin},
	Year = {1981},
	Journal = {The Annals of Statistics},
	Volume = {9},
	Number = {1},
	Pages = {130-134}
}

@Article{Efron1979, 
	Title = {Bootstrap methods: {A}nother look at the jackknife},
	Author = {B. Efron},
	Year = {1979},
	Journal = {The Annals of Statistics},
	Volume = {7},
	Number = {},
	Pages = {1-26}
}

\@ARTICLE{Acemoglu2001,
	AUTHOR      = "D. Acemoglu and S. Johnson and J. Robinson",
	TITLE       = "The colonial origins of comparative development: An empirical investigation",
	JOURNAL     = "The American Economic Review",
	VOLUME      = "91",
	NUMBER      = "5",
	PAGES       = "1369--1401",
	YEAR        = "2001",
	MONTH       = "",
	NOTE        = "",
}

@article{nobile2000comment,
	title={Comment: Bayesian multinomial probit models with a normalization constraint},
	author={Nobile, Agostino},
	journal={Journal of Econometrics},
	volume={99},
	number={2},
	pages={335--345},
	year={2000},
	publisher={Elsevier}
}

@article{mcculloch2000bayesian,
	title={A Bayesian analysis of the multinomial probit model with fully identified parameters},
	author={McCulloch, Robert E and Polson, Nicholas G and Rossi, Peter E},
	journal={Journal of econometrics},
	volume={99},
	number={1},
	pages={173--193},
	year={2000},
	publisher={Elsevier}
}

@book{van2000asymptotic,
	title={Asymptotic statistics},
	author={Van der Vaart, Aad W},
	volume={3},
	year={2000},
	publisher={Cambridge university press}
}

@book{wooldridge2016introductory,
	title={Introductory Econometrics: A Modern Approach},
	author={Wooldridge, Jeffrey M.},
	year={2016},
	edition={6th},
	publisher={Cengage Learning},
	address={Boston, MA},
}

@book{gujarati2009basic,
	title={Basic Econometrics},
	author={Gujarati, Damodar N. and Porter, Dawn C.},
	year={2009},
	edition={5th},
	publisher={McGraw-Hill Education},
	address={New York, NY},
}

@article{ramirez2024welfare,
	title={Welfare implications of a tax on electricity: A semi-parametric specification of the incomplete EASI demand system},
	author={Ram{\'\i}rez--Hassan, Andr{\'e}s and L{\'o}pez-Vera, Alejandro},
	journal={Energy Economics},
	pages={1-13},
	year={2024},
	volume={131},
	publisher={Elsevier}
}

@Manual{R2023,
	title = {R: A Language and Environment for Statistical Computing},
	author = {{R Core Team}},
	organization = {R Foundation for Statistical Computing},
	address = {Vienna, Austria},
	year = {2023},
	url = {https://www.R-project.org/},
}

@book{wooldridge2010econometric,
	title={Econometric analysis of cross section and panel data},
	author={Wooldridge, Jeffrey M},
	year={2010},
	publisher={MIT press}
}

@book{casella2024statistical,
	title={Statistical inference},
	author={Casella, George and Berger, Roger},
	year={2024},
	publisher={CRC Press}
}

@Article{Conley2012, 
	Title = {Plausibly exogenous},
	Author = {T. Conley and C. Hansen and P. Rossi},
	Year = {2012},
	Journal = {The Review of Economics and Statistics},
	Volume = {94},
	Number = {1},
	Pages = {260--272}
}

@ARTICLE{Edwards2003,
	AUTHOR       = "Y. D. Edwards and G. M. Allenby",
	TITLE        = "Multivariate Analysis of Multiple Response
	Data",
	JOURNAL      = " Journal of Marketing Research",
	YEAR         = "2003",
	VOLUME       = "40",
	NUMBER       = "",
	PAGES        = "321--334",
	MONTH        = "",
	NOTE         = ""
}

 @ARTICLE{Ramirez2019a,
	AUTHOR       = "Ram\'irez-Hassan, A. Guerra-Urzola, R.",
	TITLE        = "Bayesian treatment effects due to a subsidized health program: The case of preventive health care utilization in Medell\'in ({C}olombia)",
	JOURNAL      = "Empirical Economics",
	YEAR         = "2019",
	VOLUME       = "Forthcoming",
	NUMBER       = "",
	PAGES        = "",
	MONTH        = "",
	NOTE         = ""
}

@Article{Chib1999, 
	Title = {On {MCMC} sampling in hierarchical	longitudinal models},
	Author = {S. Chib and B. Carlin},
	Year = {1999},
	Journal = {Statistics and Computing},
	Volume = {9},
	Number = {},
	Pages = {17--26}
}

 @ARTICLE{Ramirez2017,
	AUTHOR       = "Ram\'irez Hassan, A.",
	TITLE        = "The interplay between the {B}ayesian and frequentist approaches: a general nesting spatial panel data model",
	JOURNAL      = "Spatial Economic Analysis",
	YEAR         = "2017",
	VOLUME       = "12",
	NUMBER       = "1",
	PAGES        = "92--112",
	MONTH        = "",
	NOTE         = ""
}

@article{rendon2013fixed,
	title={Fixed and random effects in classical and Bayesian regression},
	author={Rendon, Silvio R},
	journal={Oxford Bulletin of Economics and Statistics},
	volume={75},
	number={3},
	pages={460--476},
	year={2013},
	publisher={Wiley Online Library}
}

@ARTICLE{Winkelmann2004,
	AUTHOR       = "R. Winkelmann",
	TITLE        = "Health Care Reform and the Number of Doctor Visits - {A}n Econometric Analysis",
	JOURNAL      = "Journal of Applied Econometrics",
	YEAR         = "2004",
	VOLUME       = "19",
	NUMBER       = "4",
	PAGES        = "455--472",
	MONTH        = "",
	NOTE         = ""
}

@book{diggle2002analysis,
	title={Analysis of longitudinal data},
	author={Diggle, Peter. and Heagerty, P. and Liang K-Y. and Zeger, S.},
	year={2002},
	publisher={Oxford University Press}
}

@article{Simmons2010,
	title={Markov Chain {M}onte {C}arlo model composition search strategy for quantitative trait loci in a {B}ayesian hierarchical model},
	author={Simmons, Susan J and Fang, Fang and Fang, Qijun and Ricanek, Karl},
	journal={World Academy of Science, Engineering and Technology},
	volume={63},
	pages={58--61},
	year={2010}
}

@article{ley2009effect,
	title={On the effect of prior assumptions in {B}ayesian model averaging with applications to growth regression},
	author={Ley, Eduardo and Steel, Mark FJ},
	journal={Journal of Applied Econometrics},
	volume={24},
	number={4},
	pages={651--674},
	year={2009},
	publisher={Wiley Online Library}
}

@article{Raftery93,
	title={Bayesian model selection in structural equation models},
	author={Raftery, Adrian E},
	journal={Sage Focus Editions},
	volume={154},
	pages={163--163},
	year={1993},
	publisher={Sage Publications}
}

@ARTICLE{Hoeting1999,
	AUTHOR       = "J. Hoeting and D. Madigan and A. Raftery and C. Volinsky",
	TITLE        = "Bayesian Model Averaging: A Tutorial",
	JOURNAL      = "Statistical Science",
	YEAR         = "1999",
	VOLUME       = "14",
	NUMBER       = "4",
	PAGES        = "382--417",
	MONTH        = "",
	NOTE         = ""
}

@article{Raftery1997,
	title={Bayesian Model Averaging for Linear Regression Models},
	author={Adrian E. Raftery and David Madigan and Jennifer A. Hoeting},
	journal={Journal of the American Statistical Association},
	pages={179--191},
	volume={92},
	number={437},
	year={1997},
	publisher={JSTOR}
}

@article{Green1995,
	title={Reversible jump {M}arkov chain {M}onte {C}arlo computation and {B}ayesian model determination},
	author={Green, P. J.},
	journal={Biometrika},
	volume={82},
	number={},
	pages={711--732},
	year={1995},
	publisher={}
}

@ARTICLE{madigan95,
	AUTHOR       = "D. Madigan and J. C. York and D. Allard",
	TITLE        = "Bayesian Graphical Models for Discrete Data",
	JOURNAL      = "International Statistical Review",
	YEAR         = "1995",
	VOLUME       = "63",
	NUMBER       = "2",
	PAGES        = "215-232",
	MONTH        = "",
	NOTE         = ""
}

@Article{Casella2006,
	author =       "G. Casella and E. Moreno",
	title =        "Objective {B}ayesian Variable Selection",
	journal =      "Journal of the American Statistical Association",
	year =         "2006",
	volume =       "101",
	number =       "473",
	pages =        "157--167",
	month =        "",
	note =         "",
}

@Article{Johnson2012,
	author =       "V. E. Jhonson and D. Rossell",
	title =        "Bayesian model selection in high-dimensional settings",
	journal =      "Journal of the American Statistical Association",
	year =         "2012",
	volume =       "107",
	number =       "498",
	pages =        "649--660",
	month =        "",
	note =         "",
}

@Article{George1993,
	author =       "E. George and R. McCulloch",
	title =        "Variable selection via {G}ibbs sampling",
	journal =      "Journal of the American Statistical Association",
	year =         "1993",
	volume =       "88",
	number =       "423",
	pages =        "881--889",
	month =        "",
	note =         "",
}

@Article{George1997,
	author =       "E. George and R. McCulloch",
	title =        "Approaches for {B}ayesian variable selection",
	journal =      "Statistica Sinica",
	year =         "1997",
	volume =       "7",
	number =       "",
	pages =        "339--373",
	month =        "",
	note =         "",
}

@Article{Ishwaran2005,
	author =       "H. Ishwaran and J. S. Rao",
	title =        "Spike and slab variable selection: Frequentist and {B}ayesian strategies",
	journal =      "The Annals of Statistics",
	year =         "2005",
	volume =       "33",
	number =       "2",
	pages =        "730--773",
	month =        "",
	note =         "",
}

@ARTICLE{Park2008,
	AUTHOR       = "T. Park and G. Casella",
	TITLE        = "The {B}ayesian Lasso",
	JOURNAL      = "Journal of the American Statistical Association",
	YEAR         = "2008",
	VOLUME       = "103",
	NUMBER       = "482",
	PAGES        = "681--686",
	MONTH        = "",
	NOTE         = ""
}

@article{madigan1995bayesian1,
	title={Bayesian graphical models for discrete data},
	author={Madigan, David and York, Jeremy and Allard, Denis},
	journal={International Statistical Review},
	pages={215--232},
	volume={63},
	year={1995},
	publisher={JSTOR}
}

@techreport{Karl2012,
	title={Instrumental variable {B}ayesian model averaging via conditional {B}ayes factor},
	author={Karl, A. and A. Lenkoski},
	year={2012},
	institution={Heidelberg University}
}

@ARTICLE{Koop12,
	AUTHOR       = "G Koop and R Le\'on-Gonzalez and R Strachan",
	TITLE        = "Bayesian model averaging in the instrumental variable regression model",
	JOURNAL      = "Journal of Econometrics",
	YEAR         = "2012",
	VOLUME       = "171",
	NUMBER       = "",
	PAGES        = "237--250",
	MONTH        = "",
	NOTE         = ""
}

@article{Lenkoski2014,
	title={Two-stage {B}ayesian model averaging in endogeneous variable models},
	author={Lenkoski, Alex and Eicher, Theo S. and Raftery, Adrian},
	journal={Econometric Reviews},
	volume={33},
	year={2014}
}

@book{McCullagh1989,
	title={Generalized Linear Models},
	author={P. McCullagh and Nelder, J. A.},
	volume={},
	year={1989},
	publisher={London: Chapman and Hall}
}

@article{Dickey1978,
	title={Bayes factors from mixed probabilities},
	author={Dickey, J. M. and E. Gunel},
	journal={Journal of the Royal Statistical Society: Series B (Methodology)},
	pages={ 43--46},
	volume={40},
	number={},
	year={1978}
}

@article{zellner1986assessing,
	title={On assessing prior distributions and Bayesian regression analysis with g-prior distributions},
	author={Zellner, Arnold},
	journal={Bayesian inference and decision techniques},
	year={1986},
	publisher={Elsevier Science}
}

@article{fernandez2001benchmark,
	title={Benchmark priors for Bayesian model averaging},
	author={Fernandez, Carmen and Ley, Eduardo and Steel, Mark FJ},
	journal={Journal of Econometrics},
	volume={100},
	number={2},
	pages={381--427},
	year={2001},
	publisher={Elsevier}
}

@book{rossi2005bayesian,
	author    = {Peter E. Rossi and Greg M. Allenby and Robert McCulloch},
	title     = {Bayesian Statistics and Marketing},
	publisher = {John Wiley and Sons},
	year      = {2005},
	address   = {Hoboken, NJ},
}

@article{johnson2010use,
	title={On the use of non-local prior densities in Bayesian hypothesis tests},
	author={Johnson, Valen E and Rossell, David},
	journal={Journal of the Royal Statistical Society Series B: Statistical Methodology},
	volume={72},
	number={2},
	pages={143--170},
	year={2010},
	publisher={Oxford University Press}
}

 @ARTICLE{Jetter2015,
	AUTHOR       = "Jetter, M. and Ram\'irez Hassan, A.",
	TITLE        = "Want export diversification? {E}ducate the kids first",
	JOURNAL      = "Economic Inquiry",
	YEAR         = "2015",
	VOLUME       = "53",
	NUMBER       = "4",
	PAGES        = "1765--1782",
	MONTH        = "",
	NOTE         = ""
}

@article{ramirez2020dynamic,
	title={Dynamic variable selection in dynamic logistic regression: an application to Internet subscription},
	author={Ram{\'\i}rez-Hassan, Andr{\'e}s},
	journal={Empirical Economics},
	volume={59},
	number={2},
	pages={909--932},
	year={2020},
	publisher={Springer}
}

@article{ramirez2021specification,
	title={Specification uncertainty in modeling internet adoption: A developing city case analysis},
	author={Ram{\'\i}rez-Hassan, Andr{\'e}s and Carvajal-Rend{\'o}n, Daniela A},
	journal={Utilities Policy},
	volume={70},
	pages={101218},
	year={2021},
	publisher={Elsevier}
}

@BOOK{Wooldridge2012,
	AUTHOR       = "Wooldridge, Jeffrey M.",
	TITLE        = "Introductory Econometrics: A Modern Approach",
	PUBLISHER    = "Cengage Learning",
	YEAR         = "2012",
	VOLUME       = "",
	SERIES       = "",
	ADDRESS      = "Mason, Ohio: South-Western",
	EDITION      = "Fifth",
	MONTH        = "",
	NOTE         = ""
}

@article{ramirez2024testing,
	title={Testing Model Specification in Approximate Bayesian Computation Using Asymptotic Properties},
	author={Ram{\'\i}rez-Hassan, Andr{\'e}s and Frazier, David T},
	journal={Journal of Computational and Graphical Statistics},
	number={3},
	vol={33},
	pages={1--14},
	year={2024},
	publisher={Taylor \& Francis}
}

@book{albert2009bayesian,
	title     = {Bayesian Computation with R},
	author    = {Jim Albert},
	year      = {2009},
	edition   = {2nd},
	publisher = {Springer},
	series    = {Use R!},
	address   = {New York, NY},
	doi       = {10.1007/978-0-387-92297-3},
	isbn      = {978-0-387-92296-6},
}

@article{thomas2021learning,
	title={Learning hamiltonian monte carlo in r},
	author={Thomas, Samuel and Tu, Wanzhu},
	journal={The American Statistician},
	volume={75},
	number={4},
	pages={403--413},
	year={2021},
	publisher={Taylor \& Francis}
}

@article{Gordon1993,
	title={Novel approach to nonlinear/non-Gaussian Bayesian state estimation},
	author={Gordon, N. J. and Salmond, D. J. and Smith, A. F.},
	journal={IEE Proceedings F (Radar and Signal Processing)},
	volume={140},
	number={2},
	pages={107--113},
	year={1993},
	publisher={}
}

@article{geweke2004getting,
	title={Getting it right: Joint distribution tests of posterior simulators},
	author={Geweke, John},
	journal={Journal of the American Statistical Association},
	volume={99},
	number={467},
	pages={799--804},
	year={2004},
	publisher={Taylor \& Francis}
}